,TEAM_ID,MISSION_TIME,PACKET_COUNT,MODE,STATE,ALTITUDE,TEMPERATURE,PRESSURE,VOLTAGE,GYRO_R,GYRO_P,GYRO_Y,ACCEL_R,ACCEL_P,ACCEL_Y,MAGN_R,MAGN_P,MAGN_Y,AUTO_GRYO_ROTATION_RATE,GPS_TIME,GPS_ALTITUDE,GPS_LATITUDE,GPS_LONGITUDE,GPS_SATS,CMD_ECHO
0,3174,18:44:01,1,S,LAUNCH_WAIT,10,71,16,14,228,332,296,336,324,122,65,33,44,9,18:44:01,47,27,45,3,CXON
1,3174,23:44:01,2,F,ASCENT,28,24,29,40,184,280,163,131,32,15,15,46,50,3,18:44:01,65,36,48,3,ST
2,3174,23:44:02,3,S,LAUNCH_WAIT,58,2,85,76,176,64,267,41,152,105,42,54,42,8,18:44:02,75,46,52,1,CXON
3,3174,23:44:03,4,F,ASCENT,73,24,71,7,310,48,252,125,220,317,24,53,59,5,18:44:03,107,51,55,2,ST
4,3174,23:44:04,5,S,LAUNCH_WAIT,48,23,91,66,130,72,67,291,48,212,88,25,45,3,18:44:04,128,61,56,2,CXON
5,3174,23:44:05,6,F,ASCENT,48,79,46,23,103,107,358,117,103,273,38,4,28,8,18:44:05,150,66,58,2,ST
6,3174,23:44:06,7,S,LAUNCH_WAIT,66,73,72,80,87,264,236,245,42,321,28,24,22,6,18:44:06,181,76,62,3,CXON
7,3174,23:44:07,8,F,ASCENT,68,32,71,42,160,188,82,29,52,165,55,88,45,6,18:44:07,195,84,64,3,ST
8,3174,23:44:08,9,S,LAUNCH_WAIT,4,37,56,32,321,179,281,61,221,231,37,1,84,2,18:44:08,223,91,66,2,CXON
9,3174,23:44:09,10,F,ASCENT,89,95,13,84,320,268,46,158,36,19,55,70,56,10,18:44:09,245,97,69,3,ST
10,3174,23:44:10,11,S,LAUNCH_WAIT,46,12,55,13,95,114,300,286,314,312,33,48,52,4,18:44:10,262,106,70,1,CXON
11,3174,23:44:11,12,F,ASCENT,80,27,61,35,299,176,165,68,32,181,48,100,79,9,18:44:11,280,113,74,1,ST
12,3174,23:44:12,13,S,LAUNCH_WAIT,44,60,12,74,329,335,65,56,320,120,97,3,91,2,18:44:12,297,123,77,3,CXON
13,3174,23:44:13,14,F,ASCENT,36,27,91,4,340,259,311,16,180,31,28,24,90,7,18:44:13,318,133,80,3,ST
14,3174,23:44:14,15,S,LAUNCH_WAIT,43,70,84,40,144,286,76,85,34,61,64,18,37,6,18:44:14,335,138,82,1,CXON
15,3174,23:44:15,16,F,ASCENT,49,53,92,97,208,82,304,354,7,29,7,20,52,10,18:44:15,376,148,83,1,ST
16,3174,23:44:16,17,S,LAUNCH_WAIT,43,14,47,76,327,322,114,167,150,320,47,63,18,2,18:44:16,407,154,87,3,CXON
17,3174,23:44:17,18,F,ASCENT,11,77,68,21,299,177,36,34,179,169,88,39,49,8,18:44:17,439,160,91,1,ST
18,3174,23:44:18,19,S,LAUNCH_WAIT,65,14,95,53,235,306,343,215,158,282,67,99,11,2,18:44:18,453,167,95,3,CXON
19,3174,23:44:19,20,F,ASCENT,18,28,18,90,90,322,90,181,335,343,35,88,6,6,18:44:19,500,175,96,1,ST
20,3174,23:44:20,21,S,LAUNCH_WAIT,49,71,86,37,102,343,357,210,40,22,21,33,52,1,18:44:20,520,183,98,3,CXON
21,3174,23:44:21,22,F,ASCENT,94,86,13,48,197,328,294,196,87,175,71,16,52,4,18:44:21,557,191,103,3,ST
22,3174,23:44:22,23,S,LAUNCH_WAIT,3,27,60,37,154,201,205,324,58,164,28,2,21,10,18:44:22,600,201,106,3,CXON
23,3174,23:44:23,24,F,ASCENT,40,44,31,15,171,87,96,134,31,221,84,43,40,10,18:44:23,641,207,107,1,ST
24,3174,23:44:24,25,S,LAUNCH_WAIT,99,73,80,22,166,330,69,236,117,77,49,2,93,8,18:44:24,660,212,112,1,CXON
25,3174,23:44:25,26,F,ASCENT,83,99,93,62,171,340,99,172,245,162,57,8,56,5,18:44:25,689,222,117,1,ST
26,3174,23:44:26,27,S,LAUNCH_WAIT,38,52,57,60,263,209,282,95,118,181,90,76,3,5,18:44:26,723,227,119,3,CXON
27,3174,23:44:27,28,F,ASCENT,35,30,44,89,54,352,83,266,282,237,2,17,39,5,18:44:27,745,236,124,1,ST
28,3174,23:44:28,29,S,LAUNCH_WAIT,67,92,36,29,24,73,348,31,235,39,79,90,52,6,18:44:28,791,241,127,2,CXON
29,3174,23:44:29,30,F,ASCENT,44,43,51,3,315,191,296,305,119,54,81,46,6,1,18:44:29,839,247,132,3,ST
30,3174,23:44:30,31,S,LAUNCH_WAIT,22,87,15,82,144,6,24,276,36,320,3,11,58,7,18:44:30,851,254,135,3,CXON
31,3174,23:44:31,32,F,ASCENT,52,53,55,61,249,195,244,9,127,111,11,17,86,8,18:44:31,887,264,137,1,ST
32,3174,23:44:32,33,S,LAUNCH_WAIT,2,59,20,68,72,227,95,186,161,141,55,21,68,5,18:44:32,916,269,140,1,CXON
33,3174,23:44:33,34,F,ASCENT,51,54,54,14,122,208,225,32,70,136,72,73,44,7,18:44:33,926,277,141,1,ST
34,3174,23:44:34,35,S,LAUNCH_WAIT,5,41,64,7,325,217,302,103,83,68,14,69,90,1,18:44:34,942,284,146,1,CXON
35,3174,23:44:35,36,F,ASCENT,82,42,49,42,133,120,279,311,334,360,50,73,91,9,18:44:35,967,289,150,1,ST
36,3174,23:44:36,37,S,LAUNCH_WAIT,56,14,99,30,25,127,121,194,24,174,53,92,62,9,18:44:36,977,297,154,2,CXON
37,3174,23:44:37,38,F,ASCENT,63,37,9,22,274,242,319,204,59,85,90,98,49,8,18:44:37,1011,307,158,1,ST
38,3174,23:44:38,39,S,LAUNCH_WAIT,57,95,35,1,22,92,159,94,122,284,23,64,45,3,18:44:38,1044,312,160,2,CXON
39,3174,23:44:39,40,F,ASCENT,75,16,12,44,154,266,149,277,208,163,70,59,35,3,18:44:39,1070,317,162,1,ST
40,3174,23:44:40,41,S,LAUNCH_WAIT,42,28,78,35,35,83,228,128,316,279,54,23,13,10,18:44:40,1089,327,166,3,CXON
41,3174,23:44:41,42,F,ASCENT,32,64,47,93,304,193,277,161,315,267,24,44,22,10,18:44:41,1115,333,167,1,ST
42,3174,23:44:42,43,S,LAUNCH_WAIT,96,97,40,22,247,27,152,345,127,107,14,10,85,9,18:44:42,1140,340,171,1,CXON
43,3174,23:44:43,44,F,ASCENT,97,89,51,36,334,143,170,318,121,87,49,82,88,3,18:44:43,1189,348,176,1,ST
44,3174,23:44:44,45,S,LAUNCH_WAIT,14,18,82,99,46,121,93,336,153,265,40,53,19,7,18:44:44,1216,358,178,1,CXON
45,3174,23:44:45,46,F,ASCENT,1,90,54,56,329,40,207,53,24,34,3,53,69,8,18:44:45,1232,363,179,3,ST
46,3174,23:44:46,47,S,LAUNCH_WAIT,48,44,36,48,355,271,139,101,335,122,87,8,2,2,18:44:46,1266,368,182,2,CXON
47,3174,23:44:47,48,F,ASCENT,48,52,93,56,147,170,319,120,55,19,85,63,87,6,18:44:47,1286,376,187,1,ST
48,3174,23:44:48,49,S,LAUNCH_WAIT,79,43,2,95,291,221,267,195,328,352,51,58,92,3,18:44:48,1326,384,192,2,CXON
49,3174,23:44:49,50,F,ASCENT,88,69,5,84,67,250,228,38,40,226,47,96,11,8,18:44:49,1339,394,197,3,ST
50,3174,23:44:50,51,S,LAUNCH_WAIT,70,91,26,64,315,327,127,303,112,131,8,35,1,5,18:44:50,1387,404,201,1,CXON
