,TEAM_ID,MISSION_TIME,PACKET_COUNT,MODE,STATE,ALTITUDE,TEMPERATURE,PRESSURE,VOLTAGE,GYRO_R,GYRO_P,GYRO_Y,ACCEL_R,ACCEL_P,ACCEL_Y,MAGN_R,MAGN_P,MAGN_Y,AUTO_GRYO_ROTATION_RATE,GPS_TIME,GPS_ALTITUDE,GPS_LATITUDE,GPS_LONGITUDE,GPS_SATS,CMD_ECHO
0,2031,19:44:54,1,S,LAUNCH_WAIT,61,15,53,13,337,112,13,129,129,220,99,43,31,6,19:44:54,61,22,39,1,CXON
1,2031,19:44:54,3,F,ASCENT,9,77,87,86,311,136,208,77,199,140,72,63,1,9,19:44:54,88,21,30,2,ST
2,2031,19:44:55,4,S,LAUNCH_WAIT,62,23,42,54,7,197,143,178,17,121,56,60,84,4,19:44:55,16,67,59,1,CXON
3,2031,19:44:56,5,F,ASCENT,50,28,64,55,203,301,215,255,102,183,47,87,49,7,19:44:56,96,96,88,1,ST
4,2031,19:44:57,6,S,LAUNCH_WAIT,19,70,37,2,45,144,156,327,83,7,82,45,100,6,19:44:57,8,27,28,3,CXON
5,2031,19:44:58,7,F,ASCENT,18,58,95,37,205,297,54,146,63,66,85,88,95,7,19:44:58,57,12,18,2,ST
6,2031,19:44:59,8,S,LAUNCH_WAIT,89,69,36,86,252,59,337,117,68,172,34,7,30,1,19:44:59,8,35,15,1,CXON
7,2031,19:45:00,9,F,ASCENT,6,5,96,28,292,224,6,26,224,322,58,49,16,5,19:45:00,29,39,19,2,ST
8,2031,19:45:01,10,S,LAUNCH_WAIT,14,97,91,65,149,344,146,105,192,250,4,31,1,5,19:45:01,5,13,87,3,CXON
9,2031,19:45:02,11,F,ASCENT,88,89,23,73,45,161,223,69,174,216,48,39,33,3,19:45:02,65,58,87,3,ST
10,2031,19:45:03,12,S,LAUNCH_WAIT,73,99,44,67,255,27,231,117,97,244,94,82,52,8,19:45:03,81,53,46,2,CXON
11,2031,19:45:04,13,F,ASCENT,14,90,80,54,230,63,103,57,331,346,73,34,16,2,19:45:04,51,93,31,2,ST
12,2031,19:45:05,14,S,LAUNCH_WAIT,17,88,48,71,93,35,47,294,314,296,40,93,24,4,19:45:05,35,75,75,3,CXON
13,2031,19:45:06,15,F,ASCENT,81,80,4,99,325,131,11,321,302,50,96,76,61,2,19:45:06,39,59,15,2,ST
14,2031,19:45:07,16,S,LAUNCH_WAIT,43,99,42,75,336,306,339,332,156,340,100,40,24,10,19:45:07,21,11,82,3,CXON
15,2031,19:45:08,17,F,ASCENT,96,54,52,74,104,290,156,304,189,169,85,78,26,1,19:45:08,12,14,1,3,ST
16,2031,19:45:09,18,S,LAUNCH_WAIT,55,94,53,61,1,346,66,350,356,196,79,91,22,8,19:45:09,16,57,74,3,CXON
17,2031,19:45:10,19,F,ASCENT,2,78,21,65,185,246,206,168,12,258,59,95,7,6,19:45:10,67,78,94,1,ST
18,2031,19:45:11,20,S,LAUNCH_WAIT,87,49,88,57,19,99,189,293,174,353,1,20,4,6,19:45:11,5,11,71,3,CXON
19,2031,19:45:12,21,F,ASCENT,21,61,94,52,187,30,162,76,210,255,63,71,51,4,19:45:12,52,13,98,1,ST
20,2031,19:45:13,22,S,LAUNCH_WAIT,25,93,42,24,258,165,149,250,339,67,69,75,63,1,19:45:13,13,45,41,3,CXON
21,2031,19:45:14,23,F,ASCENT,48,59,5,30,114,201,81,348,354,192,1,66,94,4,19:45:14,63,83,1,1,ST
22,2031,19:45:15,24,S,LAUNCH_WAIT,22,23,56,70,60,95,234,59,125,96,38,63,47,10,19:45:15,73,93,11,2,CXON
23,2031,19:45:16,25,F,ASCENT,82,62,79,76,14,130,28,45,123,148,39,68,49,1,19:45:16,85,11,14,3,ST
24,2031,19:45:17,26,S,LAUNCH_WAIT,93,30,11,14,31,33,240,152,354,52,56,35,16,3,19:45:17,39,60,74,3,CXON
25,2031,19:45:18,27,F,ASCENT,36,64,17,82,169,246,341,28,341,208,45,97,62,1,19:45:18,16,56,41,2,ST
26,2031,19:45:19,28,S,LAUNCH_WAIT,17,12,81,89,282,18,127,50,196,206,35,94,35,6,19:45:19,5,27,18,1,CXON
27,2031,19:45:20,29,F,ASCENT,97,39,49,47,130,97,212,342,46,212,63,20,26,9,19:45:20,77,59,31,1,ST
28,2031,19:45:21,30,S,LAUNCH_WAIT,36,39,41,68,6,356,169,68,96,278,21,39,83,10,19:45:21,99,84,25,3,CXON
29,2031,19:45:22,31,F,ASCENT,33,93,8,32,357,109,212,302,134,106,29,80,59,3,19:45:22,87,55,79,3,ST
30,2031,19:45:23,32,S,LAUNCH_WAIT,50,3,32,85,22,284,337,45,87,132,77,8,92,7,19:45:23,39,25,24,1,CXON
31,2031,19:45:24,33,F,ASCENT,23,7,40,21,355,330,135,323,185,97,93,98,58,3,19:45:24,54,27,48,2,ST
32,2031,19:45:25,34,S,LAUNCH_WAIT,44,25,96,58,27,59,77,16,205,142,29,39,69,6,19:45:25,29,100,65,2,CXON
33,2031,19:45:26,35,F,ASCENT,99,69,28,23,316,45,34,236,87,199,43,28,99,10,19:45:26,31,37,76,1,ST
34,2031,19:45:27,36,S,LAUNCH_WAIT,47,31,85,85,262,126,285,210,250,107,48,24,5,4,19:45:27,75,27,97,3,CXON
35,2031,19:45:28,37,F,ASCENT,97,46,80,45,310,162,98,280,11,235,66,53,90,5,19:45:28,76,67,41,3,ST
36,2031,19:45:29,38,S,LAUNCH_WAIT,42,32,26,54,178,171,34,220,332,55,46,58,19,8,19:45:29,23,39,78,3,CXON
37,2031,19:45:30,39,F,ASCENT,8,66,25,58,199,333,80,128,139,96,22,23,51,4,19:45:30,66,85,49,1,ST
38,2031,19:45:31,40,S,LAUNCH_WAIT,93,27,7,72,82,288,305,331,347,12,97,77,57,7,19:45:31,14,9,41,1,CXON
39,2031,19:45:32,41,F,ASCENT,73,40,86,33,263,103,154,289,220,247,75,16,16,8,19:45:32,36,16,16,3,ST
40,2031,19:45:33,42,S,LAUNCH_WAIT,19,31,23,91,323,171,296,52,131,2,39,68,27,1,19:45:33,43,89,12,3,CXON
41,2031,19:45:34,43,F,ASCENT,6,14,85,70,156,22,116,78,346,223,83,37,5,1,19:45:34,24,21,65,1,ST
42,2031,19:45:35,44,S,LAUNCH_WAIT,63,13,17,36,245,196,147,196,91,249,70,25,69,8,19:45:35,89,53,54,3,CXON
43,2031,19:45:36,45,F,ASCENT,44,94,49,62,218,231,103,158,165,265,72,40,17,9,19:45:36,53,59,30,3,ST
44,2031,19:45:37,46,S,LAUNCH_WAIT,85,27,23,23,49,158,41,295,342,41,22,68,32,7,19:45:37,43,44,1,2,CXON
45,2031,19:45:38,47,F,ASCENT,89,21,21,72,24,115,93,329,166,327,67,66,23,2,19:45:38,79,94,80,3,ST
46,2031,19:45:39,48,S,LAUNCH_WAIT,66,86,94,66,97,107,158,32,324,85,8,80,19,2,19:45:39,83,92,79,3,CXON
47,2031,19:45:40,49,F,ASCENT,38,100,60,49,109,136,282,151,77,315,99,18,71,5,19:45:40,16,54,97,1,ST
48,2031,19:45:41,50,S,LAUNCH_WAIT,62,36,32,69,72,264,152,360,3,273,17,32,30,2,19:45:41,64,84,16,1,CXON
49,2031,19:45:42,51,F,ASCENT,30,47,63,18,127,283,333,219,15,274,44,53,72,1,19:45:42,83,96,99,2,ST
50,2031,19:45:43,52,S,LAUNCH_WAIT,60,40,84,72,48,239,206,11,113,103,66,31,79,9,19:45:43,56,16,62,2,CXON
51,2031,19:45:44,53,F,ASCENT,71,96,45,68,86,324,100,115,165,158,79,88,71,9,19:45:44,54,40,86,3,ST
52,2031,19:45:45,54,S,LAUNCH_WAIT,84,11,3,74,290,135,79,80,348,157,73,3,8,1,19:45:45,99,44,43,3,CXON
53,2031,19:45:46,55,F,ASCENT,57,100,69,58,39,267,255,50,45,48,44,21,63,3,19:45:46,37,41,12,1,ST
54,2031,19:45:47,56,S,LAUNCH_WAIT,1,19,61,11,353,319,227,67,59,174,83,74,60,7,19:45:47,98,66,26,3,CXON
55,2031,19:45:48,57,F,ASCENT,59,39,42,94,57,202,338,44,167,297,70,26,77,1,19:45:48,15,23,12,3,ST
56,2031,19:45:49,58,S,LAUNCH_WAIT,72,99,79,31,214,31,29,219,100,159,18,98,78,10,19:45:49,75,34,36,1,CXON
57,2031,19:45:50,59,F,ASCENT,99,55,91,52,294,116,305,167,62,99,57,93,2,10,19:45:50,36,34,67,2,ST
58,2031,19:45:51,60,S,LAUNCH_WAIT,85,100,18,54,321,355,301,277,113,177,75,48,63,2,19:45:51,66,18,55,2,CXON
59,2031,19:45:52,61,F,ASCENT,86,99,59,34,64,18,14,128,357,89,92,9,49,6,19:45:52,55,52,18,2,ST
60,2031,19:45:53,62,S,LAUNCH_WAIT,42,51,56,57,31,39,121,82,175,194,17,4,63,4,19:45:53,20,39,77,1,CXON
61,2031,19:45:54,63,F,ASCENT,56,80,84,58,278,92,318,167,209,189,62,75,35,2,19:45:54,40,27,31,2,ST
62,2031,19:45:55,64,S,LAUNCH_WAIT,97,7,60,51,300,75,42,81,16,12,16,55,72,2,19:45:55,70,85,30,1,CXON
63,2031,19:45:56,65,F,ASCENT,83,3,49,11,290,106,45,76,355,339,94,55,96,7,19:45:56,100,72,59,3,ST
64,2031,19:45:57,66,S,LAUNCH_WAIT,91,60,35,54,24,345,176,306,234,110,75,2,3,4,19:45:57,97,11,83,3,CXON
65,2031,19:45:58,67,F,ASCENT,51,62,17,77,11,17,239,320,304,53,30,88,30,8,19:45:58,76,36,57,2,ST
66,2031,19:45:59,68,S,LAUNCH_WAIT,80,7,25,19,222,52,325,114,58,302,21,70,60,5,19:45:59,83,28,32,1,CXON
67,2031,19:46:00,69,F,ASCENT,2,44,10,77,321,137,216,271,117,134,73,43,93,2,19:46:00,71,29,18,1,ST
68,2031,19:46:01,70,S,LAUNCH_WAIT,57,48,47,8,53,173,299,150,300,31,40,21,33,9,19:46:01,34,87,57,3,CXON
69,2031,19:46:02,71,F,ASCENT,42,81,38,19,7,312,251,49,301,10,5,74,95,6,19:46:02,3,58,2,2,ST
70,2031,19:46:03,72,S,LAUNCH_WAIT,19,93,66,44,153,327,246,273,281,47,60,62,74,2,19:46:03,22,79,39,3,CXON
71,2031,19:46:04,73,F,ASCENT,64,88,11,82,95,260,116,62,231,360,23,69,26,10,19:46:04,74,87,11,1,ST
72,2031,19:46:05,74,S,LAUNCH_WAIT,91,25,20,54,213,112,276,73,160,352,81,57,60,4,19:46:05,69,27,27,2,CXON
73,2031,19:46:06,75,F,ASCENT,84,81,74,76,280,125,162,194,245,339,31,33,17,10,19:46:06,77,96,60,3,ST
74,2031,19:46:07,76,S,LAUNCH_WAIT,31,45,53,98,318,357,237,136,262,203,85,30,17,2,19:46:07,13,75,74,2,CXON
75,2031,19:46:08,77,F,ASCENT,44,33,47,75,139,267,100,206,310,141,63,99,75,3,19:46:08,45,98,8,1,ST
76,2031,19:46:09,78,S,LAUNCH_WAIT,85,2,71,39,125,158,44,78,306,57,33,28,74,9,19:46:09,47,43,12,2,CXON
77,2031,19:46:10,79,F,ASCENT,16,20,17,1,117,22,138,73,226,240,54,46,83,4,19:46:10,42,82,97,1,ST
78,2031,19:46:11,80,S,LAUNCH_WAIT,34,71,35,90,290,242,328,11,289,200,82,27,81,2,19:46:11,97,36,42,1,CXON
79,2031,19:46:12,81,F,ASCENT,50,34,7,31,212,264,330,340,151,234,32,84,69,1,19:46:12,54,89,73,3,ST
80,2031,19:46:13,82,S,LAUNCH_WAIT,9,4,51,57,38,182,205,295,307,109,80,84,76,7,19:46:13,38,57,21,2,CXON
81,2031,19:46:14,83,F,ASCENT,66,56,70,93,237,253,213,128,132,116,28,1,43,3,19:46:14,11,9,57,2,ST
82,2031,19:46:15,84,S,LAUNCH_WAIT,22,22,96,95,129,98,63,2,329,69,75,14,13,8,19:46:15,86,80,98,3,CXON
83,2031,19:46:16,85,F,ASCENT,27,34,91,4,265,192,263,222,231,138,64,58,74,1,19:46:16,11,63,98,1,ST
84,2031,19:46:17,86,S,LAUNCH_WAIT,56,33,91,20,225,230,157,104,99,163,51,33,9,9,19:46:17,56,69,37,2,CXON
85,2031,19:46:18,87,F,ASCENT,94,56,39,41,349,93,177,254,75,143,70,17,31,10,19:46:18,64,47,83,3,ST
86,2031,19:46:19,88,S,LAUNCH_WAIT,90,82,82,2,145,284,185,290,3,360,76,45,35,2,19:46:19,2,8,23,3,CXON
87,2031,19:46:20,89,F,ASCENT,7,53,3,74,256,270,64,317,73,184,99,87,59,8,19:46:20,46,43,66,1,ST
88,2031,19:46:21,90,S,LAUNCH_WAIT,62,62,85,66,199,57,307,68,202,290,50,44,26,4,19:46:21,86,53,10,3,CXON
89,2031,19:46:22,91,F,ASCENT,79,23,33,86,32,156,203,336,160,131,33,93,87,7,19:46:22,7,10,12,3,ST
90,2031,19:46:23,92,S,LAUNCH_WAIT,22,50,34,64,268,205,11,352,273,208,24,8,100,3,19:46:23,8,50,76,1,CXON
91,2031,19:46:24,93,F,ASCENT,55,81,94,81,273,10,192,212,296,104,87,35,16,3,19:46:24,55,79,50,1,ST
92,2031,19:46:25,94,S,LAUNCH_WAIT,8,77,75,52,186,192,33,31,200,278,79,62,25,8,19:46:25,67,86,80,1,CXON
93,2031,19:46:26,95,F,ASCENT,49,72,18,56,316,34,238,314,118,355,48,97,76,5,19:46:26,22,21,63,2,ST
94,2031,19:46:27,96,S,LAUNCH_WAIT,23,46,66,92,307,150,234,113,58,154,15,19,62,9,19:46:27,58,58,39,1,CXON
95,2031,19:46:28,97,F,ASCENT,100,37,40,29,76,118,197,115,200,208,37,40,97,6,19:46:28,63,18,83,2,ST
96,2031,19:46:29,98,S,LAUNCH_WAIT,41,59,78,73,231,217,156,91,66,34,33,52,71,4,19:46:29,35,62,20,1,CXON
97,2031,19:46:30,99,F,ASCENT,87,58,4,22,50,203,115,38,265,152,24,12,20,8,19:46:30,14,95,48,2,ST
98,2031,19:46:31,100,S,LAUNCH_WAIT,74,62,12,43,190,144,358,49,99,8,41,16,62,7,19:46:31,61,92,33,2,CXON
99,2031,19:46:32,101,F,ASCENT,3,21,99,96,358,48,23,44,215,81,42,4,29,6,19:46:32,18,15,20,2,ST
100,2031,19:46:33,102,S,LAUNCH_WAIT,47,55,84,4,238,336,236,68,277,269,31,39,67,8,19:46:33,12,29,15,2,CXON
101,2031,19:46:34,103,F,ASCENT,74,34,59,50,292,42,326,153,74,265,80,7,8,8,19:46:34,56,31,69,3,ST
102,2031,19:46:35,104,S,LAUNCH_WAIT,58,80,20,74,156,293,58,222,196,20,21,45,99,6,19:46:35,31,21,75,1,CXON
103,2031,19:46:36,105,F,ASCENT,80,32,42,37,136,86,318,238,160,137,43,78,89,7,19:46:36,56,39,3,3,ST
104,2031,19:46:37,106,S,LAUNCH_WAIT,21,74,17,34,106,13,212,58,102,35,34,70,26,6,19:46:37,78,17,54,3,CXON
105,2031,19:46:38,107,F,ASCENT,75,78,21,95,333,185,149,91,281,320,95,2,1,4,19:46:38,80,38,43,3,ST
106,2031,19:46:39,108,S,LAUNCH_WAIT,72,68,92,75,135,9,356,214,107,187,12,26,12,2,19:46:39,94,92,16,2,CXON
107,2031,19:46:40,109,F,ASCENT,55,2,10,4,189,116,240,180,350,160,23,59,15,4,19:46:40,13,62,27,2,ST
108,2031,19:46:41,110,S,LAUNCH_WAIT,45,44,90,6,304,70,22,247,247,281,100,69,7,8,19:46:41,14,62,81,2,CXON
109,2031,19:46:42,111,F,ASCENT,24,4,53,48,353,144,239,85,14,115,94,68,54,3,19:46:42,15,57,72,2,ST
110,2031,19:46:43,112,S,LAUNCH_WAIT,16,45,5,76,189,109,166,281,331,271,77,6,54,6,19:46:43,13,93,72,3,CXON
111,2031,19:46:44,113,F,ASCENT,26,26,16,66,171,330,260,171,252,265,96,64,61,10,19:46:44,48,24,92,1,ST
112,2031,19:46:45,114,S,LAUNCH_WAIT,70,99,2,42,324,285,76,200,181,211,88,40,54,4,19:46:45,81,93,19,2,CXON
113,2031,19:46:46,115,F,ASCENT,79,37,81,43,113,191,175,115,2,350,22,24,58,8,19:46:46,32,73,40,1,ST
114,2031,19:46:47,116,S,LAUNCH_WAIT,32,69,97,74,216,4,159,240,128,311,16,37,43,9,19:46:47,65,34,60,2,CXON
115,2031,19:46:48,117,F,ASCENT,39,1,12,17,165,147,270,360,1,117,60,55,69,10,19:46:48,50,32,54,2,ST
116,2031,19:46:49,118,S,LAUNCH_WAIT,16,39,22,99,23,220,68,330,106,315,71,36,77,5,19:46:49,67,74,51,3,CXON
117,2031,19:46:50,119,F,ASCENT,52,47,30,57,60,167,10,347,19,190,89,59,10,7,19:46:50,36,18,59,3,ST
118,2031,19:46:51,120,S,LAUNCH_WAIT,3,79,2,79,130,32,256,236,10,202,71,84,27,9,19:46:51,15,15,68,1,CXON
119,2031,19:46:52,121,F,ASCENT,83,9,20,5,41,42,356,178,339,253,58,13,33,8,19:46:52,89,63,80,2,ST
120,2031,19:46:53,122,S,LAUNCH_WAIT,78,15,91,19,179,128,216,31,32,26,32,9,55,1,19:46:53,75,74,79,2,CXON
121,2031,19:46:54,123,F,ASCENT,74,70,39,78,112,13,172,25,217,295,53,58,79,9,19:46:54,4,36,14,3,ST
122,2031,19:46:55,124,S,LAUNCH_WAIT,1,66,8,38,283,137,48,349,231,112,77,78,85,9,19:46:55,38,38,94,3,CXON
123,2031,19:46:56,125,F,ASCENT,95,75,57,63,186,326,253,26,209,336,27,19,78,10,19:46:56,33,63,60,1,ST
124,2031,19:46:57,126,S,LAUNCH_WAIT,70,17,20,66,148,217,261,224,253,193,100,17,86,8,19:46:57,52,8,84,3,CXON
125,2031,19:46:58,127,F,ASCENT,83,43,86,31,104,52,209,183,69,182,45,90,7,3,19:46:58,83,96,73,3,ST
126,2031,19:46:59,128,S,LAUNCH_WAIT,12,21,12,67,230,334,346,305,81,26,32,19,43,9,19:46:59,97,52,91,3,CXON
127,2031,19:47:00,129,F,ASCENT,42,6,23,86,111,244,101,105,12,95,18,92,10,8,19:47:00,74,69,40,1,ST
128,2031,19:47:01,130,S,LAUNCH_WAIT,66,85,19,3,308,23,350,190,326,53,80,14,9,5,19:47:01,80,11,51,1,CXON
129,2031,19:47:02,131,F,ASCENT,97,5,65,25,224,275,105,140,274,123,43,55,23,5,19:47:02,4,54,37,2,ST
130,2031,19:47:03,132,S,LAUNCH_WAIT,38,76,47,90,249,235,213,133,70,73,19,82,60,1,19:47:03,4,50,30,1,CXON
131,2031,19:47:04,133,F,ASCENT,85,94,5,36,354,232,6,78,111,263,81,83,13,8,19:47:04,38,42,35,1,ST
132,2031,19:47:05,134,S,LAUNCH_WAIT,86,67,82,22,289,94,247,53,255,241,42,46,10,10,19:47:05,81,46,90,2,CXON
133,2031,19:47:06,135,F,ASCENT,21,81,74,99,87,348,138,355,179,191,72,49,79,9,19:47:06,70,9,45,2,ST
134,2031,19:47:07,136,S,LAUNCH_WAIT,66,99,22,19,256,346,194,285,47,161,4,6,1,6,19:47:07,66,86,17,1,CXON
135,2031,19:47:08,137,F,ASCENT,97,18,26,55,353,249,263,64,334,38,57,33,32,10,19:47:08,31,71,1,1,ST
136,2031,19:47:09,138,S,LAUNCH_WAIT,10,92,37,8,29,295,100,347,196,12,95,99,28,10,19:47:09,74,64,65,3,CXON
137,2031,19:47:10,139,F,ASCENT,29,21,69,90,90,39,101,291,87,220,18,15,39,5,19:47:10,48,100,62,2,ST
138,2031,19:47:11,140,S,LAUNCH_WAIT,4,61,15,40,29,250,290,300,25,99,87,52,8,2,19:47:11,57,55,5,2,CXON
139,2031,19:47:12,141,F,ASCENT,83,42,33,34,219,181,257,234,20,47,10,89,23,10,19:47:12,42,10,22,1,ST
140,2031,19:47:13,142,S,LAUNCH_WAIT,70,53,58,83,3,191,299,310,318,261,77,8,48,6,19:47:13,40,77,50,2,CXON
141,2031,19:47:14,143,F,ASCENT,79,9,55,2,275,64,319,293,57,305,35,71,53,9,19:47:14,80,67,81,3,ST
142,2031,19:47:15,144,S,LAUNCH_WAIT,77,82,49,64,192,150,176,41,149,95,67,35,15,2,19:47:15,76,100,63,3,CXON
143,2031,19:47:16,145,F,ASCENT,63,1,97,82,344,134,30,264,168,142,46,66,24,3,19:47:16,50,16,95,3,ST
144,2031,19:47:17,146,S,LAUNCH_WAIT,1,27,97,47,177,191,147,76,107,330,74,73,32,8,19:47:17,77,54,86,1,CXON
145,2031,19:47:18,147,F,ASCENT,9,91,49,83,295,226,204,328,141,157,44,64,52,5,19:47:18,86,70,24,3,ST
146,2031,19:47:20,148,S,LAUNCH_WAIT,48,20,88,59,151,271,135,275,227,101,82,63,65,6,19:47:20,7,28,63,1,CXON
147,2031,19:47:21,149,F,ASCENT,68,62,9,58,118,66,192,340,28,170,58,90,95,9,19:47:21,7,68,13,3,ST
148,2031,19:47:22,150,S,LAUNCH_WAIT,84,65,10,31,116,339,97,49,75,324,46,48,97,4,19:47:22,22,16,87,3,CXON
149,2031,19:47:23,151,F,ASCENT,38,44,41,94,182,179,352,333,55,312,2,1,99,7,19:47:23,91,57,56,3,ST
150,2031,19:47:24,152,S,LAUNCH_WAIT,12,28,76,93,189,255,191,173,233,318,3,90,9,1,19:47:24,12,63,66,3,CXON
151,2031,19:47:25,153,F,ASCENT,61,89,61,38,216,130,330,221,88,318,85,6,14,4,19:47:25,51,58,97,1,ST
152,2031,19:47:26,154,S,LAUNCH_WAIT,36,67,92,59,159,128,185,121,352,129,29,84,94,8,19:47:26,29,43,33,2,CXON
153,2031,19:47:27,155,F,ASCENT,49,96,87,22,39,333,232,84,176,34,31,65,28,1,19:47:27,5,61,73,3,ST
154,2031,19:47:28,156,S,LAUNCH_WAIT,85,29,12,98,146,312,171,11,209,80,95,27,9,8,19:47:28,86,71,62,2,CXON
155,2031,19:47:29,157,F,ASCENT,66,6,51,59,335,1,56,78,30,10,5,76,46,10,19:47:29,1,94,49,1,ST
156,2031,19:47:30,158,S,LAUNCH_WAIT,18,18,31,95,312,41,116,92,73,329,57,58,14,5,19:47:30,82,19,14,2,CXON
157,2031,19:47:31,159,F,ASCENT,20,15,49,98,6,353,305,196,329,175,51,100,59,4,19:47:31,5,24,8,1,ST
158,2031,19:47:32,160,S,LAUNCH_WAIT,55,38,47,49,24,271,234,1,285,172,66,55,42,4,19:47:32,34,26,14,3,CXON
159,2031,19:47:33,161,F,ASCENT,97,24,77,59,150,278,158,163,176,103,2,16,28,4,19:47:33,22,21,76,3,ST
160,2031,19:47:34,162,S,LAUNCH_WAIT,82,50,8,56,229,175,351,330,158,287,53,32,51,1,19:47:34,4,70,62,3,CXON
161,2031,19:47:35,163,F,ASCENT,81,76,51,78,311,41,14,31,123,251,5,90,24,5,19:47:35,98,98,19,3,ST
162,2031,19:47:36,164,S,LAUNCH_WAIT,42,5,8,85,348,344,318,241,323,114,27,35,52,4,19:47:36,79,9,67,2,CXON
163,2031,19:47:37,165,F,ASCENT,43,21,65,81,131,55,244,234,26,81,2,19,34,5,19:47:37,36,78,85,1,ST
164,2031,19:47:38,166,S,LAUNCH_WAIT,48,90,11,54,57,206,88,69,91,319,21,65,16,8,19:47:38,80,66,63,1,CXON
165,2031,19:47:39,167,F,ASCENT,20,11,33,40,129,87,246,25,258,138,35,72,25,7,19:47:39,18,6,11,1,ST
166,2031,19:47:40,168,S,LAUNCH_WAIT,76,17,56,31,268,126,205,277,59,245,38,52,29,2,19:47:40,19,82,37,1,CXON
167,2031,19:47:41,169,F,ASCENT,40,23,15,15,121,41,152,104,184,136,88,84,70,2,19:47:41,48,77,82,3,ST
168,2031,19:47:42,170,S,LAUNCH_WAIT,58,8,25,6,21,152,89,41,24,179,71,15,30,4,19:47:42,39,77,92,1,CXON
169,2031,19:47:43,171,F,ASCENT,17,95,66,100,229,7,228,320,333,50,29,88,26,3,19:47:43,65,23,58,3,ST
170,2031,19:47:44,172,S,LAUNCH_WAIT,18,83,62,14,232,250,254,100,75,117,63,62,89,10,19:47:44,35,18,50,1,CXON
171,2031,19:47:45,173,F,ASCENT,26,17,51,97,289,217,173,325,50,180,31,90,45,4,19:47:45,19,78,12,3,ST
172,2031,19:47:46,174,S,LAUNCH_WAIT,13,7,73,47,240,31,138,342,257,76,92,22,53,5,19:47:46,7,76,73,1,CXON
173,2031,19:47:47,175,F,ASCENT,50,27,25,79,135,329,106,2,45,296,88,94,28,7,19:47:47,60,86,64,3,ST
174,2031,19:47:48,176,S,LAUNCH_WAIT,27,30,81,90,196,281,183,243,19,294,84,18,2,9,19:47:48,65,13,7,1,CXON
175,2031,19:47:49,177,F,ASCENT,69,53,24,85,339,78,74,270,143,304,33,47,1,2,19:47:49,78,51,14,3,ST
176,2031,19:47:50,178,S,LAUNCH_WAIT,49,73,65,46,355,81,139,321,118,72,71,77,65,10,19:47:50,27,36,8,3,CXON
177,2031,19:47:51,179,F,ASCENT,89,15,21,48,50,203,259,140,18,235,46,97,7,8,19:47:51,66,90,96,1,ST
178,2031,19:47:52,180,S,LAUNCH_WAIT,26,86,83,8,123,320,10,24,6,246,52,66,48,9,19:47:52,52,59,86,2,CXON
179,2031,19:47:53,181,F,ASCENT,45,1,6,80,342,221,80,164,348,133,59,5,46,7,19:47:53,45,19,72,2,ST
180,2031,19:47:54,182,S,LAUNCH_WAIT,33,90,96,62,47,24,147,111,240,55,2,90,100,6,19:47:54,16,49,98,2,CXON
181,2031,19:47:55,183,F,ASCENT,72,18,36,31,139,352,83,304,235,106,15,6,67,5,19:47:55,9,76,12,3,ST
182,2031,19:47:56,184,S,LAUNCH_WAIT,12,80,48,53,268,266,199,293,308,82,47,43,61,1,19:47:56,93,53,11,1,CXON
183,2031,19:47:57,185,F,ASCENT,79,24,79,95,102,138,188,190,297,214,7,80,76,4,19:47:57,97,46,4,1,ST
184,2031,19:47:58,186,S,LAUNCH_WAIT,10,53,12,4,66,46,197,354,295,342,11,34,27,6,19:47:58,53,64,8,2,CXON
185,2031,19:47:59,187,F,ASCENT,65,8,52,78,311,192,360,82,112,354,32,37,48,4,19:47:59,1,62,1,3,ST
186,2031,19:48:00,188,S,LAUNCH_WAIT,96,21,79,55,182,320,168,145,261,357,61,28,65,4,19:48:00,92,37,54,1,CXON
187,2031,19:48:01,189,F,ASCENT,14,33,61,52,298,58,135,251,214,244,92,42,84,1,19:48:01,71,81,12,1,ST
188,2031,19:48:02,190,S,LAUNCH_WAIT,93,96,60,78,326,229,1,17,3,170,41,49,19,4,19:48:02,10,2,99,1,CXON
189,2031,19:48:03,191,F,ASCENT,5,34,34,92,220,333,61,105,226,138,55,22,98,5,19:48:03,85,7,75,3,ST
190,2031,19:48:04,192,S,LAUNCH_WAIT,14,55,96,65,131,74,36,50,202,221,94,70,25,7,19:48:04,86,43,51,2,CXON
191,2031,19:48:05,193,F,ASCENT,5,37,7,59,286,74,282,167,222,229,8,61,50,3,19:48:05,87,86,84,1,ST
192,2031,19:48:06,194,S,LAUNCH_WAIT,35,73,18,17,313,89,334,192,262,10,64,8,35,1,19:48:06,71,48,20,3,CXON
193,2031,19:48:07,195,F,ASCENT,88,18,100,99,92,332,225,57,113,168,68,78,18,4,19:48:07,5,88,77,3,ST
194,2031,19:48:08,196,S,LAUNCH_WAIT,80,9,36,9,291,350,67,309,144,85,6,13,78,5,19:48:08,73,50,89,3,CXON
195,2031,19:48:09,197,F,ASCENT,22,55,96,53,360,134,179,341,91,215,82,14,32,1,19:48:09,67,14,90,3,ST
196,2031,19:48:10,198,S,LAUNCH_WAIT,67,6,52,27,100,334,306,191,308,56,39,30,62,10,19:48:10,82,51,27,2,CXON
197,2031,19:48:11,199,F,ASCENT,52,24,47,86,93,208,355,180,255,286,15,84,23,5,19:48:11,29,41,81,3,ST
198,2031,19:48:12,200,S,LAUNCH_WAIT,25,61,7,28,88,263,230,125,42,234,34,80,33,9,19:48:12,14,72,36,3,CXON
199,2031,19:48:13,201,F,ASCENT,41,79,63,12,100,57,222,267,240,150,53,87,51,4,19:48:13,9,87,14,3,ST
200,2031,19:48:14,202,S,LAUNCH_WAIT,95,63,87,22,247,239,217,351,243,132,43,86,85,7,19:48:14,65,21,28,1,CXON
201,2031,19:48:15,203,F,ASCENT,27,1,45,15,261,226,33,345,293,138,75,70,7,5,19:48:15,89,55,73,3,ST
202,2031,19:48:16,204,S,LAUNCH_WAIT,86,72,5,78,171,36,63,136,12,205,3,97,90,3,19:48:16,24,74,40,1,CXON
203,2031,19:48:17,205,F,ASCENT,90,85,81,15,233,99,61,260,243,101,88,23,62,3,19:48:17,33,64,66,1,ST
204,2031,19:48:18,206,S,LAUNCH_WAIT,46,41,19,32,222,245,165,22,36,135,64,38,6,5,19:48:18,7,66,28,1,CXON
205,2031,19:48:19,207,F,ASCENT,27,42,6,26,326,329,53,221,335,128,19,5,61,6,19:48:19,86,20,80,1,ST
206,2031,19:48:20,208,S,LAUNCH_WAIT,66,10,95,21,248,228,315,3,36,223,18,97,82,8,19:48:20,19,10,1,1,CXON
207,2031,19:48:21,209,F,ASCENT,72,29,82,27,227,339,208,195,11,113,35,13,56,9,19:48:21,61,98,71,3,ST
208,2031,19:48:22,210,S,LAUNCH_WAIT,57,58,69,92,345,190,160,216,141,327,52,36,97,3,19:48:22,47,30,19,1,CXON
209,2031,19:48:23,211,F,ASCENT,44,12,38,44,14,23,318,218,288,150,100,8,36,1,19:48:23,95,88,69,3,ST
210,2031,19:48:24,212,S,LAUNCH_WAIT,25,12,82,62,176,219,174,3,336,43,45,85,1,5,19:48:24,58,62,62,1,CXON
211,2031,19:48:25,213,F,ASCENT,49,86,69,68,307,220,303,98,112,315,25,21,51,6,19:48:25,16,26,86,1,ST
212,2031,19:48:26,214,S,LAUNCH_WAIT,74,29,95,71,232,235,211,186,121,7,74,95,85,4,19:48:26,91,11,50,3,CXON
213,2031,19:48:27,215,F,ASCENT,17,64,56,68,276,107,122,222,181,91,69,98,30,9,19:48:27,78,51,18,2,ST
214,2031,19:48:28,216,S,LAUNCH_WAIT,5,2,54,98,154,79,25,109,252,252,22,1,95,2,19:48:28,38,4,35,3,CXON
215,2031,19:48:29,217,F,ASCENT,38,77,55,35,239,342,179,47,210,261,87,3,41,10,19:48:29,69,48,85,2,ST
216,2031,19:48:30,218,S,LAUNCH_WAIT,51,63,32,60,241,117,198,70,236,203,76,93,32,2,19:48:30,44,83,39,1,CXON
217,2031,19:48:31,219,F,ASCENT,82,35,70,62,52,106,328,255,67,252,84,81,14,7,19:48:31,72,32,40,1,ST
218,2031,19:48:32,220,S,LAUNCH_WAIT,78,35,61,8,99,321,354,10,349,162,32,43,40,7,19:48:32,59,22,6,2,CXON
219,2031,19:48:33,221,F,ASCENT,81,37,6,68,223,232,64,291,176,219,93,90,85,7,19:48:33,20,44,34,3,ST
220,2031,19:48:34,222,S,LAUNCH_WAIT,51,47,43,3,345,280,254,188,333,90,25,40,58,3,19:48:34,100,43,57,1,CXON
221,2031,19:48:35,223,F,ASCENT,98,22,82,36,19,144,130,296,106,43,99,59,11,6,19:48:35,41,2,67,2,ST
222,2031,19:48:36,224,S,LAUNCH_WAIT,77,93,52,71,204,348,200,43,110,261,10,65,40,4,19:48:36,53,83,49,3,CXON
223,2031,19:48:37,225,F,ASCENT,68,36,65,14,201,322,266,225,331,180,9,3,44,1,19:48:37,15,20,16,1,ST
224,2031,19:48:38,226,S,LAUNCH_WAIT,25,36,5,65,322,289,275,196,228,118,88,4,93,9,19:48:38,72,82,70,1,CXON
225,2031,19:48:40,227,F,ASCENT,69,68,47,47,97,36,38,334,53,41,10,36,81,5,19:48:40,27,20,33,3,ST
226,2031,19:48:41,228,S,LAUNCH_WAIT,59,44,88,77,288,320,193,35,249,178,23,97,37,8,19:48:41,90,43,11,3,CXON
227,2031,19:48:42,229,F,ASCENT,30,82,59,21,168,110,64,31,218,289,20,17,60,4,19:48:42,13,42,71,3,ST
228,2031,19:48:43,230,S,LAUNCH_WAIT,67,51,74,2,62,341,87,73,319,247,80,23,62,4,19:48:43,57,44,41,2,CXON
229,2031,19:48:44,231,F,ASCENT,45,28,38,8,317,59,280,274,181,300,74,74,2,10,19:48:44,28,8,4,1,ST
230,2031,19:48:45,232,S,LAUNCH_WAIT,7,39,51,31,126,306,313,59,231,178,92,41,64,7,19:48:45,23,38,14,2,CXON
231,2031,19:48:46,233,F,ASCENT,75,48,2,54,102,291,182,17,155,142,8,57,5,2,19:48:46,34,94,3,3,ST
232,2031,19:48:47,234,S,LAUNCH_WAIT,22,24,88,34,260,359,190,91,236,301,51,35,35,5,19:48:47,45,35,57,2,CXON
233,2031,19:48:48,235,F,ASCENT,46,52,37,78,141,355,26,341,92,115,38,65,82,9,19:48:48,16,78,25,1,ST
234,2031,19:48:49,236,S,LAUNCH_WAIT,17,91,73,85,212,177,42,269,167,148,94,54,80,5,19:48:49,48,14,99,1,CXON
235,2031,19:48:50,237,F,ASCENT,97,91,16,3,101,95,282,46,187,92,80,75,64,2,19:48:50,61,87,75,2,ST
236,2031,19:48:51,238,S,LAUNCH_WAIT,76,83,41,75,218,151,105,284,260,129,97,62,21,8,19:48:51,51,47,58,3,CXON
237,2031,19:48:52,239,F,ASCENT,85,13,17,35,302,179,334,176,61,133,54,38,43,5,19:48:52,72,47,71,1,ST
238,2031,19:48:53,240,S,LAUNCH_WAIT,34,77,20,14,176,78,92,257,74,142,22,54,57,3,19:48:53,28,84,10,2,CXON
239,2031,19:48:54,241,F,ASCENT,54,18,38,62,135,232,197,78,76,180,47,98,51,7,19:48:54,33,21,74,1,ST
240,2031,19:48:55,242,S,LAUNCH_WAIT,99,41,63,58,313,21,297,314,41,113,86,61,81,4,19:48:55,70,34,40,1,CXON
241,2031,19:48:56,243,F,ASCENT,43,54,68,34,354,175,88,262,156,74,56,19,55,9,19:48:56,59,63,4,1,ST
242,2031,19:48:57,244,S,LAUNCH_WAIT,57,17,43,73,131,264,141,170,182,55,38,85,54,3,19:48:57,76,2,81,2,CXON
243,2031,19:48:58,245,F,ASCENT,93,5,71,64,327,273,338,36,207,108,57,50,75,7,19:48:58,96,10,20,3,ST
244,2031,19:48:59,246,S,LAUNCH_WAIT,23,17,86,82,285,313,156,27,113,174,69,53,25,6,19:48:59,5,52,94,1,CXON
245,2031,19:49:00,247,F,ASCENT,89,4,3,53,26,105,273,36,16,247,51,1,42,1,19:49:00,69,100,4,3,ST
246,2031,19:49:01,248,S,LAUNCH_WAIT,74,69,24,81,256,195,184,3,250,56,59,61,77,10,19:49:01,45,10,95,2,CXON
247,2031,19:49:02,249,F,ASCENT,79,56,56,61,190,279,57,207,235,209,91,31,8,8,19:49:02,45,96,83,2,ST
248,2031,19:49:03,250,S,LAUNCH_WAIT,47,2,22,69,250,204,317,301,319,350,33,83,23,2,19:49:03,94,17,2,1,CXON
249,2031,19:49:04,251,F,ASCENT,28,21,22,72,156,236,252,244,266,205,80,40,39,2,19:49:04,77,11,3,2,ST
250,2031,19:49:05,252,S,LAUNCH_WAIT,53,89,63,25,45,219,136,178,327,268,9,42,43,1,19:49:05,18,25,15,3,CXON
251,2031,19:49:06,253,F,ASCENT,35,73,51,4,301,44,34,48,341,281,66,12,97,1,19:49:06,76,95,50,1,ST
252,2031,19:49:07,254,S,LAUNCH_WAIT,71,10,51,51,265,67,133,179,157,186,6,12,47,4,19:49:07,64,24,15,1,CXON
253,2031,19:49:08,255,F,ASCENT,60,94,40,49,311,114,59,53,151,104,64,71,65,6,19:49:08,31,51,95,1,ST
254,2031,19:49:09,256,S,LAUNCH_WAIT,69,70,73,61,360,214,327,349,355,324,60,50,19,2,19:49:09,97,70,35,3,CXON
255,2031,19:49:10,257,F,ASCENT,13,49,20,92,31,247,81,24,171,246,74,45,80,10,19:49:10,69,23,75,2,ST
256,2031,19:49:11,258,S,LAUNCH_WAIT,51,45,27,62,303,255,104,179,337,193,45,64,26,7,19:49:11,64,73,82,3,CXON
257,2031,19:49:12,259,F,ASCENT,64,71,22,72,275,249,149,82,52,46,70,7,99,1,19:49:12,91,95,49,2,ST
258,2031,19:49:13,260,S,LAUNCH_WAIT,60,56,57,98,281,179,358,42,46,190,78,31,47,4,19:49:13,96,60,53,3,CXON
259,2031,19:49:14,261,F,ASCENT,34,25,70,83,82,55,290,299,5,18,39,28,23,7,19:49:14,99,51,21,1,ST
260,2031,19:49:15,262,S,LAUNCH_WAIT,60,86,94,93,289,311,334,343,289,179,26,72,17,5,19:49:15,95,24,74,1,CXON
261,2031,19:49:16,263,F,ASCENT,41,84,87,88,40,287,37,43,102,19,37,22,23,2,19:49:16,52,64,67,2,ST
262,2031,19:49:17,264,S,LAUNCH_WAIT,11,59,28,69,180,53,209,266,203,321,62,7,54,4,19:49:17,34,16,96,2,CXON
263,2031,19:49:18,265,F,ASCENT,98,93,2,12,112,34,57,334,259,298,22,61,74,4,19:49:18,44,100,81,3,ST
264,2031,19:49:19,266,S,LAUNCH_WAIT,85,34,8,38,251,283,158,265,234,128,98,89,17,10,19:49:19,71,34,8,1,CXON
265,2031,19:49:20,267,F,ASCENT,7,82,63,35,103,63,328,329,251,144,35,48,92,6,19:49:20,38,10,18,1,ST
266,2031,19:49:21,268,S,LAUNCH_WAIT,88,34,37,51,193,326,149,141,44,39,92,50,80,7,19:49:21,79,87,39,1,CXON
267,2031,19:49:22,269,F,ASCENT,99,67,76,95,320,36,101,323,190,184,72,65,72,9,19:49:22,77,11,64,1,ST
268,2031,19:49:23,270,S,LAUNCH_WAIT,50,33,55,81,129,95,186,256,326,236,9,65,91,8,19:49:23,78,99,33,3,CXON
269,2031,19:49:24,271,F,ASCENT,94,13,4,85,287,48,320,17,259,103,17,12,47,8,19:49:24,97,61,57,2,ST
270,2031,19:49:25,272,S,LAUNCH_WAIT,44,38,98,18,20,231,117,117,327,338,60,33,60,5,19:49:25,53,30,43,3,CXON
271,2031,19:49:26,273,F,ASCENT,53,54,73,78,213,218,82,327,144,33,84,12,51,6,19:49:26,77,38,51,2,ST
272,2031,19:49:27,274,S,LAUNCH_WAIT,95,65,82,81,136,163,152,25,145,127,74,34,55,4,19:49:27,84,68,60,2,CXON
273,2031,19:49:28,275,F,ASCENT,79,14,61,36,340,84,148,142,253,358,33,7,34,5,19:49:28,33,99,51,3,ST
274,2031,19:49:29,276,S,LAUNCH_WAIT,15,49,15,91,152,65,236,308,96,324,59,45,90,4,19:49:29,62,72,35,1,CXON
275,2031,19:49:30,277,F,ASCENT,57,46,24,94,64,267,139,254,181,251,97,22,58,1,19:49:30,69,35,88,1,ST
276,2031,19:49:31,278,S,LAUNCH_WAIT,15,15,28,60,283,192,134,116,317,149,65,61,69,8,19:49:31,76,47,51,3,CXON
277,2031,19:49:32,279,F,ASCENT,32,19,55,92,275,117,128,213,125,232,42,30,94,2,19:49:32,71,65,49,3,ST
278,2031,19:49:33,280,S,LAUNCH_WAIT,65,42,68,42,172,333,73,289,182,100,1,38,28,4,19:49:33,87,20,99,1,CXON
279,2031,19:49:34,281,F,ASCENT,14,57,47,89,221,92,246,217,57,316,66,82,81,9,19:49:34,55,5,77,1,ST
280,2031,19:49:35,282,S,LAUNCH_WAIT,72,29,96,81,79,344,300,211,194,115,60,97,12,8,19:49:35,9,13,25,3,CXON
281,2031,19:49:36,283,F,ASCENT,78,95,73,15,95,184,3,108,297,358,80,65,55,2,19:49:36,73,64,21,2,ST
282,2031,19:49:37,284,S,LAUNCH_WAIT,50,62,96,62,270,284,166,127,221,234,24,58,91,6,19:49:37,41,7,76,1,CXON
283,2031,19:49:38,285,F,ASCENT,14,3,79,9,67,152,71,216,227,232,80,3,95,3,19:49:38,87,57,54,2,ST
284,2031,19:49:39,286,S,LAUNCH_WAIT,78,37,47,28,302,157,191,223,140,137,7,58,82,1,19:49:39,19,19,9,2,CXON
285,2031,19:49:40,287,F,ASCENT,79,14,65,45,76,209,240,86,149,183,86,7,28,5,19:49:40,27,34,98,3,ST
286,2031,19:49:41,288,S,LAUNCH_WAIT,89,31,21,62,320,225,328,99,310,264,84,43,56,10,19:49:41,99,32,20,2,CXON
287,2031,19:49:42,289,F,ASCENT,96,18,96,2,255,140,189,121,46,355,46,7,89,9,19:49:42,25,82,33,3,ST
288,2031,19:49:43,290,S,LAUNCH_WAIT,4,96,14,69,82,209,339,109,87,173,20,89,72,1,19:49:43,64,29,74,2,CXON
289,2031,19:49:44,291,F,ASCENT,34,56,99,37,177,118,37,142,165,229,47,60,69,4,19:49:44,1,44,95,2,ST
290,2031,19:49:45,292,S,LAUNCH_WAIT,79,10,62,92,244,274,226,181,337,112,86,26,13,3,19:49:45,90,27,85,1,CXON
291,2031,19:49:46,293,F,ASCENT,42,58,3,12,160,32,44,203,334,222,61,3,14,10,19:49:46,65,84,53,3,ST
292,2031,19:49:47,294,S,LAUNCH_WAIT,24,27,44,34,100,170,263,338,248,70,91,92,45,7,19:49:47,60,58,15,1,CXON
293,2031,19:49:48,295,F,ASCENT,40,23,30,77,172,280,284,336,141,347,51,71,71,9,19:49:48,12,57,21,2,ST
294,2031,19:49:49,296,S,LAUNCH_WAIT,57,43,21,32,209,108,284,117,207,284,45,57,94,8,19:49:49,7,17,93,1,CXON
295,2031,19:49:50,297,F,ASCENT,14,82,29,15,269,44,342,237,150,175,39,74,12,2,19:49:50,18,70,64,2,ST
296,2031,19:49:51,298,S,LAUNCH_WAIT,3,4,86,78,37,171,336,276,325,326,95,75,7,1,19:49:51,1,22,54,1,CXON
297,2031,19:49:52,299,F,ASCENT,85,62,41,19,338,255,262,78,357,58,75,94,67,6,19:49:52,54,28,69,2,ST
298,2031,19:49:53,300,S,LAUNCH_WAIT,67,31,97,68,156,323,51,226,70,254,74,52,63,4,19:49:53,65,21,60,1,CXON
299,2031,19:49:54,301,F,ASCENT,95,31,32,85,207,338,102,247,87,256,43,9,78,8,19:49:54,53,77,74,1,ST
300,2031,19:49:55,302,S,LAUNCH_WAIT,99,60,12,80,115,124,87,322,200,222,2,30,79,10,19:49:55,43,66,64,3,CXON
301,2031,19:49:56,303,F,ASCENT,75,77,43,22,210,108,71,233,211,156,59,43,19,2,19:49:56,24,41,66,2,ST
302,2031,19:49:57,304,S,LAUNCH_WAIT,54,34,83,84,183,271,177,73,264,237,71,70,42,9,19:49:57,35,56,76,1,CXON
303,2031,19:49:58,305,F,ASCENT,32,55,3,67,151,2,332,357,22,45,99,6,85,6,19:49:58,12,6,52,3,ST
304,2031,19:49:59,306,S,LAUNCH_WAIT,31,16,61,4,94,69,12,15,34,305,85,87,57,8,19:49:59,7,54,47,3,CXON
305,2031,19:50:00,307,F,ASCENT,21,60,94,13,110,7,78,163,168,57,36,63,22,6,19:50:00,58,14,15,1,ST
306,2031,19:50:01,308,S,LAUNCH_WAIT,93,87,65,100,205,171,14,68,122,53,34,57,60,3,19:50:01,72,61,12,1,CXON
307,2031,19:50:02,309,F,ASCENT,49,29,85,69,327,104,324,163,202,151,13,91,16,8,19:50:02,19,17,6,3,ST
308,2031,19:50:03,310,S,LAUNCH_WAIT,43,21,87,5,14,318,79,142,217,24,89,37,84,4,19:50:03,63,12,27,3,CXON
309,2031,19:50:04,311,F,ASCENT,70,64,100,59,185,283,175,197,194,358,52,59,74,2,19:50:04,43,37,48,3,ST
310,2031,19:50:05,312,S,LAUNCH_WAIT,7,37,27,79,114,257,285,193,121,292,71,46,89,1,19:50:05,33,91,95,3,CXON
311,2031,19:50:06,313,F,ASCENT,88,5,39,88,175,158,152,235,177,70,97,44,21,4,19:50:06,72,27,36,3,ST
312,2031,19:50:07,314,S,LAUNCH_WAIT,68,34,67,47,114,139,84,37,133,213,43,78,26,1,19:50:07,55,24,81,3,CXON
313,2031,19:50:08,315,F,ASCENT,99,45,23,38,207,31,234,231,296,62,1,23,42,4,19:50:08,24,28,78,3,ST
314,2031,19:50:09,316,S,LAUNCH_WAIT,84,35,61,98,310,15,241,234,133,129,27,51,46,2,19:50:09,22,69,2,2,CXON
315,2031,19:50:10,317,F,ASCENT,8,69,87,27,223,315,115,108,324,224,84,33,37,5,19:50:10,48,80,60,1,ST
316,2031,19:50:11,318,S,LAUNCH_WAIT,62,91,4,67,30,169,145,241,321,295,55,87,31,4,19:50:11,92,47,18,1,CXON
317,2031,19:50:12,319,F,ASCENT,12,36,60,28,330,297,220,165,200,117,61,30,70,5,19:50:12,17,6,61,3,ST
318,2031,19:50:13,320,S,LAUNCH_WAIT,52,91,36,61,261,239,231,238,90,253,69,90,80,4,19:50:13,77,60,14,3,CXON
319,2031,19:50:14,321,F,ASCENT,17,61,63,79,292,327,115,248,239,72,59,94,41,5,19:50:14,93,10,29,2,ST
320,2031,19:50:15,322,S,LAUNCH_WAIT,55,42,38,79,353,261,241,90,96,64,4,87,25,5,19:50:15,72,18,54,2,CXON
321,2031,19:50:16,323,F,ASCENT,46,100,70,52,219,199,147,47,36,25,27,87,6,2,19:50:16,62,12,100,3,ST
322,2031,19:50:17,324,S,LAUNCH_WAIT,73,23,41,20,313,156,262,278,83,188,65,38,26,1,19:50:17,24,47,33,3,CXON
323,2031,19:50:18,325,F,ASCENT,81,86,67,65,315,312,15,226,103,37,84,91,88,5,19:50:18,38,15,18,3,ST
324,2031,19:50:19,326,S,LAUNCH_WAIT,5,82,4,77,282,121,186,352,85,213,83,95,93,6,19:50:19,15,16,48,1,CXON
325,2031,19:50:20,327,F,ASCENT,42,60,35,45,128,152,66,93,55,301,81,75,58,7,19:50:20,2,83,47,2,ST
326,2031,19:50:21,328,S,LAUNCH_WAIT,22,35,68,6,117,87,150,221,342,180,39,8,2,5,19:50:21,29,37,47,2,CXON
327,2031,19:50:22,329,F,ASCENT,27,74,46,81,275,14,230,274,5,193,25,76,40,6,19:50:22,9,79,89,2,ST
328,2031,19:50:23,330,S,LAUNCH_WAIT,75,62,68,98,60,11,288,138,111,261,15,56,71,4,19:50:23,99,90,77,2,CXON
329,2031,19:50:24,331,F,ASCENT,33,44,59,79,228,259,277,39,265,165,98,85,72,8,19:50:24,57,65,35,3,ST
330,2031,19:50:25,332,S,LAUNCH_WAIT,34,43,59,18,24,165,273,90,69,183,73,14,36,8,19:50:25,51,32,84,1,CXON
331,2031,19:50:26,333,F,ASCENT,72,56,58,65,196,306,297,257,42,198,24,8,72,6,19:50:26,29,33,50,3,ST
332,2031,19:50:27,334,S,LAUNCH_WAIT,97,64,43,5,329,199,114,39,89,357,19,78,75,2,19:50:27,56,65,45,1,CXON
333,2031,19:50:28,335,F,ASCENT,96,56,64,27,26,348,351,208,216,158,45,68,3,6,19:50:28,54,94,21,3,ST
334,2031,19:50:29,336,S,LAUNCH_WAIT,64,92,37,1,13,321,82,248,175,35,51,67,20,1,19:50:29,40,39,83,3,CXON
335,2031,19:50:30,337,F,ASCENT,89,26,55,60,47,68,170,51,308,314,64,20,14,8,19:50:30,34,67,12,1,ST
336,2031,19:50:31,338,S,LAUNCH_WAIT,24,71,13,42,337,98,324,243,47,154,87,10,75,9,19:50:31,32,3,42,2,CXON
337,2031,19:50:32,339,F,ASCENT,96,33,6,53,182,95,331,339,9,294,52,13,53,7,19:50:32,57,43,74,2,ST
338,2031,19:50:33,340,S,LAUNCH_WAIT,7,2,86,34,64,21,316,226,163,278,98,43,53,9,19:50:33,87,3,41,1,CXON
339,2031,19:50:34,341,F,ASCENT,72,2,58,37,237,238,209,222,287,66,73,74,76,4,19:50:34,1,79,28,3,ST
340,2031,19:50:35,342,S,LAUNCH_WAIT,38,89,17,19,237,106,261,216,153,317,45,66,58,9,19:50:35,94,51,46,1,CXON
341,2031,19:50:36,343,F,ASCENT,67,52,28,96,54,24,125,103,234,274,51,43,98,4,19:50:36,96,67,50,2,ST
342,2031,19:50:37,344,S,LAUNCH_WAIT,45,56,92,17,343,169,221,243,58,81,79,47,44,9,19:50:37,64,9,29,1,CXON
343,2031,19:50:38,345,F,ASCENT,83,67,20,81,218,353,302,246,312,168,45,75,32,5,19:50:38,54,96,7,3,ST
344,2031,19:50:39,346,S,LAUNCH_WAIT,35,16,3,55,29,220,79,311,135,104,43,72,38,4,19:50:39,27,76,81,2,CXON
345,2031,19:50:40,347,F,ASCENT,91,28,57,50,130,46,346,280,36,131,88,55,1,7,19:50:40,65,41,95,3,ST
346,2031,19:50:41,348,S,LAUNCH_WAIT,51,94,43,88,199,293,3,123,211,38,54,77,23,3,19:50:41,98,33,46,2,CXON
347,2031,19:50:42,349,F,ASCENT,64,33,56,68,328,357,289,133,22,299,6,47,14,3,19:50:42,84,27,57,3,ST
348,2031,19:50:43,350,S,LAUNCH_WAIT,25,59,66,81,22,299,258,9,99,95,95,32,29,8,19:50:43,75,70,49,1,CXON
349,2031,19:50:44,351,F,ASCENT,75,55,14,75,150,329,282,307,326,165,29,53,53,6,19:50:44,24,25,15,3,ST
350,2031,19:50:46,352,S,LAUNCH_WAIT,66,79,36,59,338,104,184,124,176,276,32,35,67,4,19:50:46,25,51,7,2,CXON
351,2031,19:50:47,353,F,ASCENT,4,24,10,32,37,264,148,129,285,45,44,40,51,2,19:50:47,44,33,53,1,ST
352,2031,19:50:48,354,S,LAUNCH_WAIT,68,1,93,98,341,178,305,242,245,256,54,78,32,8,19:50:48,22,58,79,2,CXON
353,2031,19:50:49,355,F,ASCENT,46,22,71,71,124,135,145,52,145,102,75,78,44,8,19:50:49,33,85,78,2,ST
354,2031,19:50:50,356,S,LAUNCH_WAIT,3,19,37,22,249,162,285,148,301,30,74,35,40,1,19:50:50,89,88,43,2,CXON
355,2031,19:50:51,357,F,ASCENT,10,33,86,14,232,133,272,161,265,93,33,78,52,6,19:50:51,84,55,40,2,ST
356,2031,19:50:52,358,S,LAUNCH_WAIT,26,89,10,78,357,243,213,348,214,137,34,84,75,2,19:50:52,85,45,100,3,CXON
357,2031,19:50:53,359,F,ASCENT,3,7,19,71,48,61,60,250,221,280,22,70,52,2,19:50:53,18,9,24,1,ST
358,2031,19:50:54,360,S,LAUNCH_WAIT,83,46,59,64,68,147,344,144,251,203,100,26,72,9,19:50:54,63,86,11,2,CXON
359,2031,19:50:55,361,F,ASCENT,2,34,37,100,19,224,82,223,232,349,64,65,23,9,19:50:55,14,12,50,3,ST
360,2031,19:50:56,362,S,LAUNCH_WAIT,91,51,56,88,262,226,173,212,109,93,23,43,63,7,19:50:56,55,65,70,1,CXON
361,2031,19:50:57,363,F,ASCENT,71,91,8,90,357,219,137,31,272,142,79,2,78,6,19:50:57,58,70,10,3,ST
362,2031,19:50:58,364,S,LAUNCH_WAIT,66,30,36,57,17,154,85,319,349,63,18,84,26,10,19:50:58,55,82,16,1,CXON
363,2031,19:50:59,365,F,ASCENT,70,80,19,3,124,11,54,136,84,318,67,60,25,1,19:50:59,21,9,85,3,ST
364,2031,19:51:00,366,S,LAUNCH_WAIT,4,76,82,5,86,129,172,332,175,169,4,19,34,1,19:51:00,15,8,48,3,CXON
365,2031,19:51:01,367,F,ASCENT,35,57,86,68,105,127,339,325,34,85,52,1,65,1,19:51:01,37,60,85,2,ST
366,2031,19:51:02,368,S,LAUNCH_WAIT,19,54,32,63,195,161,351,266,176,252,58,27,71,8,19:51:02,54,97,33,1,CXON
367,2031,19:51:03,369,F,ASCENT,68,40,49,65,73,204,105,2,259,58,67,24,100,4,19:51:03,6,98,75,3,ST
368,2031,19:51:04,370,S,LAUNCH_WAIT,69,62,37,47,10,22,125,145,229,14,84,68,8,7,19:51:04,3,98,9,2,CXON
369,2031,19:51:05,371,F,ASCENT,44,9,12,44,314,120,82,29,125,219,63,93,54,2,19:51:05,95,13,34,1,ST
370,2031,19:51:06,372,S,LAUNCH_WAIT,89,9,9,67,117,83,335,184,240,98,11,57,13,5,19:51:06,27,91,84,1,CXON
371,2031,19:51:07,373,F,ASCENT,99,86,64,83,172,337,210,175,80,346,42,5,61,10,19:51:07,4,44,96,1,ST
372,2031,19:51:08,374,S,LAUNCH_WAIT,82,90,4,86,226,266,346,99,58,360,9,88,42,9,19:51:08,60,21,37,2,CXON
373,2031,19:51:09,375,F,ASCENT,4,17,40,99,308,120,76,14,275,226,73,87,98,7,19:51:09,51,79,45,3,ST
374,2031,19:51:10,376,S,LAUNCH_WAIT,30,79,7,96,17,318,185,76,31,100,94,32,81,8,19:51:10,47,30,14,1,CXON
375,2031,19:51:11,377,F,ASCENT,32,22,28,84,191,8,5,247,2,161,75,21,16,6,19:51:11,31,31,9,1,ST
376,2031,19:51:12,378,S,LAUNCH_WAIT,57,24,55,64,210,256,33,351,39,319,74,76,50,5,19:51:12,44,51,23,1,CXON
377,2031,19:51:13,379,F,ASCENT,60,44,18,47,209,340,204,158,307,23,38,93,86,6,19:51:13,56,47,83,3,ST
378,2031,19:51:14,380,S,LAUNCH_WAIT,16,85,86,11,221,129,132,155,60,91,13,83,22,4,19:51:14,44,61,96,1,CXON
379,2031,19:51:15,381,F,ASCENT,73,13,42,41,214,203,321,176,73,60,77,56,53,5,19:51:15,43,53,52,1,ST
380,2031,19:51:16,382,S,LAUNCH_WAIT,51,81,69,28,119,309,216,263,213,141,5,99,84,7,19:51:16,2,87,88,2,CXON
381,2031,19:51:17,383,F,ASCENT,96,75,68,1,333,131,163,55,324,79,18,40,68,3,19:51:17,94,10,36,1,ST
382,2031,19:51:18,384,S,LAUNCH_WAIT,12,97,13,71,169,276,7,249,162,276,65,16,6,1,19:51:18,99,10,52,3,CXON
383,2031,19:51:19,385,F,ASCENT,40,60,7,42,197,93,254,64,309,23,68,91,36,8,19:51:19,87,19,6,3,ST
384,2031,19:51:20,386,S,LAUNCH_WAIT,53,7,100,37,315,236,23,330,269,68,35,55,36,9,19:51:20,71,100,50,2,CXON
385,2031,19:51:21,387,F,ASCENT,95,90,31,19,166,313,352,33,72,21,83,24,27,10,19:51:21,9,33,57,1,ST
386,2031,19:51:22,388,S,LAUNCH_WAIT,12,89,100,18,284,280,14,178,11,186,5,53,49,5,19:51:22,84,46,45,1,CXON
387,2031,19:51:23,389,F,ASCENT,74,19,54,82,40,307,289,138,103,223,16,94,60,3,19:51:23,76,31,62,2,ST
388,2031,19:51:24,390,S,LAUNCH_WAIT,84,43,19,13,34,13,278,294,13,304,14,71,77,10,19:51:24,21,39,86,1,CXON
389,2031,19:51:25,391,F,ASCENT,83,3,52,17,70,331,321,192,282,262,58,89,89,8,19:51:25,25,53,32,2,ST
390,2031,19:51:26,392,S,LAUNCH_WAIT,32,98,46,72,325,137,150,122,189,268,79,13,4,10,19:51:26,89,55,51,3,CXON
391,2031,19:51:27,393,F,ASCENT,66,100,81,100,69,359,40,187,56,68,100,72,55,6,19:51:27,86,70,24,2,ST
392,2031,19:51:28,394,S,LAUNCH_WAIT,83,53,55,25,280,142,241,20,32,280,75,81,31,4,19:51:28,43,82,11,3,CXON
393,2031,19:51:29,395,F,ASCENT,44,86,87,96,286,314,25,90,95,67,1,84,84,9,19:51:29,44,49,67,1,ST
394,2031,19:51:30,396,S,LAUNCH_WAIT,49,6,36,71,328,301,188,96,153,69,67,30,23,8,19:51:30,3,78,23,3,CXON
395,2031,19:51:31,397,F,ASCENT,44,13,51,93,215,47,170,275,48,182,5,25,16,6,19:51:31,17,93,40,3,ST
396,2031,19:51:32,398,S,LAUNCH_WAIT,97,35,42,56,67,283,25,67,89,284,44,90,52,3,19:51:32,51,11,69,3,CXON
397,2031,19:51:33,399,F,ASCENT,74,97,89,20,83,227,230,270,169,28,37,89,11,1,19:51:33,80,69,7,1,ST
398,2031,19:51:34,400,S,LAUNCH_WAIT,35,19,88,18,296,134,221,332,13,132,90,95,84,10,19:51:34,66,53,5,3,CXON
399,2031,19:51:35,401,F,ASCENT,10,82,72,97,252,197,350,285,256,147,6,9,100,5,19:51:35,12,3,34,1,ST
400,2031,19:51:36,402,S,LAUNCH_WAIT,73,72,95,24,324,90,109,127,195,318,14,12,48,7,19:51:36,53,72,42,1,CXON
401,2031,19:51:37,403,F,ASCENT,63,74,10,34,235,277,212,346,240,109,13,91,51,4,19:51:37,35,88,86,2,ST
402,2031,19:51:38,404,S,LAUNCH_WAIT,72,82,95,87,40,4,191,65,332,189,17,72,7,7,19:51:38,73,15,32,3,CXON
403,2031,19:51:39,405,F,ASCENT,100,62,92,100,235,336,301,113,178,151,91,98,99,10,19:51:39,96,26,60,2,ST
404,2031,19:51:40,406,S,LAUNCH_WAIT,14,75,85,91,11,317,156,19,239,334,52,46,94,3,19:51:40,82,62,21,1,CXON
405,2031,19:51:41,407,F,ASCENT,28,35,1,17,272,203,142,342,297,219,62,48,26,3,19:51:41,3,62,13,1,ST
406,2031,19:51:42,408,S,LAUNCH_WAIT,94,66,41,100,45,227,135,66,170,359,63,44,2,8,19:51:42,58,92,53,1,CXON
407,2031,19:51:43,409,F,ASCENT,50,47,52,46,196,52,331,277,71,272,28,93,37,7,19:51:43,81,56,75,2,ST
408,2031,19:51:44,410,S,LAUNCH_WAIT,33,55,70,15,278,312,133,113,216,37,82,98,21,4,19:51:44,87,84,96,1,CXON
409,2031,19:51:45,411,F,ASCENT,65,47,52,50,124,197,248,145,146,48,88,41,53,3,19:51:45,91,3,12,2,ST
410,2031,19:51:46,412,S,LAUNCH_WAIT,90,97,76,89,127,221,242,258,161,204,69,81,12,9,19:51:46,73,16,7,1,CXON
411,2031,19:51:47,413,F,ASCENT,77,40,6,95,35,238,302,336,132,185,77,23,77,3,19:51:47,55,46,56,3,ST
412,2031,19:51:48,414,S,LAUNCH_WAIT,91,12,13,13,32,199,281,139,291,326,34,55,71,10,19:51:48,86,93,61,1,CXON
413,2031,19:51:49,415,F,ASCENT,100,81,69,31,207,279,283,155,123,69,75,78,43,10,19:51:49,18,2,29,3,ST
414,2031,19:51:50,416,S,LAUNCH_WAIT,19,75,18,89,321,131,278,120,9,258,49,79,58,9,19:51:50,26,51,100,2,CXON
415,2031,19:51:51,417,F,ASCENT,15,34,67,26,346,184,327,82,247,227,70,58,99,2,19:51:51,75,14,69,2,ST
416,2031,19:51:52,418,S,LAUNCH_WAIT,66,100,24,36,300,336,306,219,55,31,41,44,76,6,19:51:52,4,76,46,1,CXON
417,2031,19:51:53,419,F,ASCENT,99,100,8,3,64,176,89,145,277,264,51,29,1,3,19:51:53,45,29,78,3,ST
418,2031,19:51:54,420,S,LAUNCH_WAIT,13,29,13,47,36,33,169,92,301,294,60,64,6,5,19:51:54,37,26,70,2,CXON
419,2031,19:51:55,421,F,ASCENT,11,40,97,45,49,341,178,337,85,310,59,6,68,3,19:51:55,99,74,79,2,ST
420,2031,19:51:56,422,S,LAUNCH_WAIT,52,16,8,49,293,9,281,99,152,86,29,89,8,7,19:51:56,37,95,51,3,CXON
421,2031,19:51:57,423,F,ASCENT,38,60,80,52,312,332,348,120,251,134,15,4,12,5,19:51:57,38,91,30,1,ST
422,2031,19:51:58,424,S,LAUNCH_WAIT,73,35,22,15,184,82,160,31,104,173,98,99,59,3,19:51:58,78,56,98,1,CXON
423,2031,19:51:59,425,F,ASCENT,75,76,45,90,52,97,168,287,179,178,89,7,12,3,19:51:59,50,28,60,3,ST
424,2031,19:52:00,426,S,LAUNCH_WAIT,93,84,63,78,324,74,224,199,188,228,82,43,97,3,19:52:00,57,14,72,2,CXON
425,2031,19:52:01,427,F,ASCENT,86,80,1,69,186,57,43,49,176,219,93,43,21,7,19:52:01,32,39,32,3,ST
426,2031,19:52:02,428,S,LAUNCH_WAIT,69,18,55,45,226,20,69,18,180,323,78,31,23,4,19:52:02,81,5,31,3,CXON
427,2031,19:52:03,429,F,ASCENT,71,64,73,54,274,341,46,334,349,169,27,57,17,6,19:52:03,93,55,41,1,ST
428,2031,19:52:04,430,S,LAUNCH_WAIT,12,51,20,93,252,256,177,330,109,26,18,78,5,6,19:52:04,23,37,46,2,CXON
429,2031,19:52:05,431,F,ASCENT,27,3,85,75,248,38,194,316,130,26,51,79,4,5,19:52:05,6,29,69,2,ST
430,2031,19:52:06,432,S,LAUNCH_WAIT,83,47,14,91,217,158,233,107,47,186,74,58,81,2,19:52:06,32,2,37,2,CXON
431,2031,19:52:07,433,F,ASCENT,19,76,71,3,328,96,298,2,171,29,12,87,34,3,19:52:07,59,56,3,3,ST
432,2031,19:52:08,434,S,LAUNCH_WAIT,53,28,91,43,309,269,51,68,261,37,12,97,34,3,19:52:08,89,11,23,1,CXON
433,2031,19:52:09,435,F,ASCENT,38,82,40,5,206,290,255,293,121,350,2,30,57,10,19:52:09,88,29,20,1,ST
434,2031,19:52:10,436,S,LAUNCH_WAIT,49,20,25,96,142,95,154,110,132,211,85,58,29,1,19:52:10,25,12,37,3,CXON
435,2031,19:52:11,437,F,ASCENT,62,42,83,59,195,354,240,35,186,320,80,32,94,4,19:52:11,50,9,1,2,ST
436,2031,19:52:12,438,S,LAUNCH_WAIT,22,22,99,94,311,165,242,25,260,310,50,36,17,10,19:52:12,1,39,58,2,CXON
437,2031,19:52:13,439,F,ASCENT,16,15,11,80,187,347,83,358,267,214,7,26,16,7,19:52:13,7,42,49,3,ST
438,2031,19:52:14,440,S,LAUNCH_WAIT,2,63,39,40,307,44,1,130,44,99,15,62,18,6,19:52:14,69,40,47,2,CXON
439,2031,19:52:15,441,F,ASCENT,13,50,48,1,81,321,185,310,7,281,92,87,73,10,19:52:15,1,93,31,1,ST
440,2031,19:52:16,442,S,LAUNCH_WAIT,99,14,67,54,78,88,138,74,177,352,79,71,11,1,19:52:16,100,66,96,2,CXON
441,2031,19:52:17,443,F,ASCENT,96,5,80,69,88,218,298,308,340,28,87,69,77,8,19:52:17,41,48,45,3,ST
442,2031,19:52:18,444,S,LAUNCH_WAIT,17,15,56,43,316,204,103,183,71,43,90,17,67,2,19:52:18,4,91,26,2,CXON
443,2031,19:52:20,445,F,ASCENT,85,67,52,81,248,247,355,298,213,185,21,6,58,7,19:52:20,100,5,69,3,ST
444,2031,19:52:21,446,S,LAUNCH_WAIT,17,5,26,18,330,83,39,88,288,153,29,6,84,4,19:52:21,4,3,81,3,CXON
445,2031,19:52:22,447,F,ASCENT,17,26,79,92,219,285,177,213,330,318,74,11,8,9,19:52:22,2,4,62,2,ST
446,2031,19:52:23,448,S,LAUNCH_WAIT,58,13,15,82,62,55,160,65,198,263,21,65,77,10,19:52:23,57,100,40,3,CXON
447,2031,19:52:24,449,F,ASCENT,94,96,1,59,90,186,249,320,8,91,44,44,87,8,19:52:24,97,97,44,3,ST
448,2031,19:52:25,450,S,LAUNCH_WAIT,99,96,47,23,163,115,216,125,79,70,79,28,41,4,19:52:25,22,63,97,2,CXON
449,2031,19:52:26,451,F,ASCENT,56,61,34,35,199,242,199,87,129,90,14,72,34,4,19:52:26,27,95,26,1,ST
450,2031,19:52:27,452,S,LAUNCH_WAIT,93,7,13,64,180,1,244,162,313,310,19,97,33,6,19:52:27,91,64,90,3,CXON
451,2031,19:52:28,453,F,ASCENT,7,34,84,81,73,321,39,325,242,161,78,35,29,3,19:52:28,83,45,33,3,ST
452,2031,19:52:29,454,S,LAUNCH_WAIT,100,57,27,13,291,173,127,67,20,215,7,11,29,4,19:52:29,53,96,58,3,CXON
453,2031,19:52:30,455,F,ASCENT,61,17,69,50,19,172,54,43,276,116,21,84,18,2,19:52:30,3,68,53,3,ST
454,2031,19:52:31,456,S,LAUNCH_WAIT,5,97,86,62,105,101,153,117,167,295,68,25,30,3,19:52:31,30,39,83,1,CXON
455,2031,19:52:32,457,F,ASCENT,52,71,52,4,164,294,342,355,324,140,77,99,54,3,19:52:32,95,39,48,3,ST
456,2031,19:52:33,458,S,LAUNCH_WAIT,91,41,37,14,353,140,186,90,96,204,9,81,50,4,19:52:33,76,84,80,2,CXON
457,2031,19:52:34,459,F,ASCENT,36,88,7,16,48,63,194,235,248,267,37,59,8,7,19:52:34,52,20,85,3,ST
458,2031,19:52:35,460,S,LAUNCH_WAIT,41,13,81,86,261,354,163,270,46,232,44,83,53,9,19:52:35,46,47,28,1,CXON
459,2031,19:52:36,461,F,ASCENT,72,77,12,13,205,335,246,281,338,229,50,31,40,4,19:52:36,70,16,39,3,ST
460,2031,19:52:37,462,S,LAUNCH_WAIT,92,75,83,89,357,187,48,246,253,26,63,35,39,9,19:52:37,41,96,43,1,CXON
461,2031,19:52:38,463,F,ASCENT,83,82,12,66,119,187,29,302,211,210,72,39,15,4,19:52:38,86,16,1,2,ST
462,2031,19:52:39,464,S,LAUNCH_WAIT,89,86,5,47,344,341,224,162,333,286,93,52,54,2,19:52:39,59,48,88,2,CXON
463,2031,19:52:40,465,F,ASCENT,77,67,85,37,281,86,248,327,48,46,21,52,23,3,19:52:40,15,30,53,2,ST
464,2031,19:52:41,466,S,LAUNCH_WAIT,80,30,19,100,340,185,278,225,40,61,63,5,46,10,19:52:41,83,39,27,1,CXON
465,2031,19:52:42,467,F,ASCENT,44,70,73,53,106,165,342,332,109,11,75,77,40,4,19:52:42,54,93,71,1,ST
466,2031,19:52:43,468,S,LAUNCH_WAIT,10,67,56,83,164,14,202,236,358,209,60,57,8,9,19:52:43,39,8,5,1,CXON
467,2031,19:52:44,469,F,ASCENT,4,82,16,23,53,7,314,146,253,117,44,70,98,10,19:52:44,14,15,55,3,ST
468,2031,19:52:45,470,S,LAUNCH_WAIT,84,86,59,71,60,30,52,39,338,318,78,47,54,7,19:52:45,12,68,23,3,CXON
469,2031,19:52:46,471,F,ASCENT,58,90,4,84,344,340,30,183,97,201,14,100,89,5,19:52:46,83,88,16,1,ST
470,2031,19:52:47,472,S,LAUNCH_WAIT,80,86,93,80,201,354,184,226,274,209,28,71,91,7,19:52:47,3,61,8,3,CXON
471,2031,19:52:48,473,F,ASCENT,53,4,66,95,191,38,93,253,66,181,48,56,13,2,19:52:48,37,5,52,2,ST
472,2031,19:52:49,474,S,LAUNCH_WAIT,39,22,47,26,61,254,256,332,223,55,18,37,51,6,19:52:49,91,98,34,2,CXON
473,2031,19:52:50,475,F,ASCENT,40,9,23,79,130,345,291,94,58,43,7,85,64,3,19:52:50,2,81,47,3,ST
474,2031,19:52:51,476,S,LAUNCH_WAIT,71,54,61,43,152,327,177,347,1,55,61,37,87,5,19:52:51,2,16,30,1,CXON
475,2031,19:52:52,477,F,ASCENT,72,50,53,40,306,181,25,5,233,203,21,47,74,3,19:52:52,58,95,93,2,ST
476,2031,19:52:53,478,S,LAUNCH_WAIT,90,28,33,21,107,344,3,186,261,166,38,76,8,2,19:52:53,57,88,96,3,CXON
477,2031,19:52:54,479,F,ASCENT,92,40,9,6,332,217,150,340,280,269,11,47,27,3,19:52:54,11,24,1,2,ST
478,2031,19:52:55,480,S,LAUNCH_WAIT,76,41,59,68,109,100,218,189,273,314,11,52,18,3,19:52:55,3,79,58,1,CXON
479,2031,19:52:56,481,F,ASCENT,7,57,39,83,143,97,210,159,184,343,34,33,94,3,19:52:56,5,21,94,2,ST
480,2031,19:52:57,482,S,LAUNCH_WAIT,13,90,91,22,265,101,210,291,12,277,75,47,17,7,19:52:57,33,6,60,3,CXON
481,2031,19:52:58,483,F,ASCENT,9,76,42,26,207,117,191,79,235,144,70,2,92,6,19:52:58,85,60,62,3,ST
482,2031,19:52:59,484,S,LAUNCH_WAIT,69,5,96,11,168,24,167,212,356,66,52,94,32,7,19:52:59,58,9,36,1,CXON
483,2031,19:53:00,485,F,ASCENT,73,97,71,61,271,274,165,290,227,354,72,7,49,3,19:53:00,67,49,18,1,ST
484,2031,19:53:01,486,S,LAUNCH_WAIT,17,94,60,42,345,304,31,193,310,137,5,14,40,1,19:53:01,86,27,56,3,CXON
485,2031,19:53:02,487,F,ASCENT,100,98,25,28,78,178,283,100,169,68,32,49,80,4,19:53:02,74,60,7,3,ST
486,2031,19:53:03,488,S,LAUNCH_WAIT,32,55,59,12,281,50,4,201,344,93,6,38,68,6,19:53:03,90,6,17,3,CXON
487,2031,19:53:04,489,F,ASCENT,86,71,87,61,156,214,127,165,91,293,53,43,90,1,19:53:04,36,76,9,3,ST
488,2031,19:53:05,490,S,LAUNCH_WAIT,70,79,40,61,309,117,22,48,167,184,40,77,71,6,19:53:05,62,100,11,2,CXON
489,2031,19:53:06,491,F,ASCENT,21,39,49,4,328,165,154,359,358,196,50,21,47,5,19:53:06,85,8,73,3,ST
490,2031,19:53:07,492,S,LAUNCH_WAIT,9,91,87,64,141,312,313,160,211,352,22,26,41,7,19:53:07,12,36,95,1,CXON
491,2031,19:53:08,493,F,ASCENT,78,48,87,93,256,80,325,109,108,74,32,10,54,2,19:53:08,17,19,12,3,ST
492,2031,19:53:09,494,S,LAUNCH_WAIT,99,54,91,58,350,46,105,193,214,7,46,43,95,1,19:53:09,79,25,83,1,CXON
493,2031,19:53:10,495,F,ASCENT,57,48,83,93,290,70,256,167,119,185,47,97,70,4,19:53:10,66,22,69,1,ST
494,2031,19:53:11,496,S,LAUNCH_WAIT,41,10,26,95,64,83,337,64,280,204,57,78,56,8,19:53:11,73,21,79,3,CXON
495,2031,19:53:12,497,F,ASCENT,10,90,30,63,3,162,257,336,352,250,81,7,40,9,19:53:12,73,80,72,3,ST
496,2031,19:53:13,498,S,LAUNCH_WAIT,21,84,30,48,357,249,4,306,245,306,7,86,100,1,19:53:13,64,28,58,3,CXON
497,2031,19:53:14,499,F,ASCENT,43,73,46,68,288,357,75,77,199,340,90,84,94,8,19:53:14,96,96,76,1,ST
498,2031,19:53:15,500,S,LAUNCH_WAIT,35,76,57,45,225,35,17,102,173,212,59,87,86,1,19:53:15,30,42,49,3,CXON
499,2031,19:53:16,501,F,ASCENT,63,8,90,58,44,62,228,193,65,268,44,68,99,6,19:53:16,12,97,10,3,ST
500,2031,19:53:17,502,S,LAUNCH_WAIT,60,93,73,11,346,198,233,94,182,211,85,25,46,2,19:53:17,19,71,27,2,CXON
501,2031,19:53:18,503,F,ASCENT,4,28,73,29,131,214,4,88,224,227,34,85,20,5,19:53:18,14,85,53,3,ST
502,2031,19:53:19,504,S,LAUNCH_WAIT,99,93,15,98,117,140,118,83,258,169,50,31,92,4,19:53:19,89,64,81,1,CXON
503,2031,19:53:20,505,F,ASCENT,87,6,89,16,101,198,341,46,352,120,23,20,66,7,19:53:20,39,5,13,2,ST
504,2031,19:53:21,506,S,LAUNCH_WAIT,100,55,49,18,292,106,139,358,232,328,2,73,39,5,19:53:21,96,20,32,1,CXON
505,2031,19:53:22,507,F,ASCENT,86,46,9,21,43,322,175,277,91,141,87,6,15,2,19:53:22,71,65,59,3,ST
506,2031,19:53:23,508,S,LAUNCH_WAIT,63,3,66,19,64,195,160,110,298,207,49,44,65,9,19:53:23,16,51,69,1,CXON
507,2031,19:53:24,509,F,ASCENT,41,15,18,23,110,122,141,162,22,196,46,35,31,3,19:53:24,92,60,22,1,ST
508,2031,19:53:25,510,S,LAUNCH_WAIT,55,12,96,9,187,90,232,247,80,58,88,83,84,9,19:53:25,87,52,78,3,CXON
509,2031,19:53:26,511,F,ASCENT,64,51,41,27,126,132,36,295,3,85,5,44,29,1,19:53:26,20,32,41,3,ST
510,2031,19:53:27,512,S,LAUNCH_WAIT,67,67,18,63,87,227,322,115,1,248,54,94,91,7,19:53:27,82,27,82,1,CXON
511,2031,19:53:28,513,F,ASCENT,96,82,87,35,162,48,301,202,300,170,59,10,92,9,19:53:28,32,86,58,3,ST
512,2031,19:53:29,514,S,LAUNCH_WAIT,53,8,64,45,216,19,20,121,4,57,78,19,45,1,19:53:29,54,100,22,1,CXON
513,2031,19:53:30,515,F,ASCENT,91,76,35,100,207,285,97,355,260,279,28,49,92,6,19:53:30,92,98,98,3,ST
514,2031,19:53:31,516,S,LAUNCH_WAIT,39,12,42,15,105,101,82,264,266,244,66,48,58,10,19:53:31,88,6,54,2,CXON
515,2031,19:53:32,517,F,ASCENT,71,88,4,7,245,220,140,307,230,47,57,75,73,5,19:53:32,21,76,42,1,ST
516,2031,19:53:33,518,S,LAUNCH_WAIT,16,1,99,50,56,177,280,146,277,275,56,65,5,9,19:53:33,69,60,63,1,CXON
517,2031,19:53:34,519,F,ASCENT,56,8,47,88,269,347,64,48,343,140,13,49,72,10,19:53:34,12,55,67,1,ST
518,2031,19:53:35,520,S,LAUNCH_WAIT,44,59,55,55,103,117,59,40,312,313,13,50,80,7,19:53:35,46,36,98,2,CXON
519,2031,19:53:36,521,F,ASCENT,2,62,8,17,301,228,196,252,98,151,73,47,10,3,19:53:36,95,81,83,2,ST
520,2031,19:53:37,522,S,LAUNCH_WAIT,72,33,45,63,233,341,281,254,333,292,69,33,7,3,19:53:37,3,40,94,2,CXON
521,2031,19:53:38,523,F,ASCENT,56,56,91,14,268,58,19,26,287,264,60,65,82,10,19:53:38,93,44,15,1,ST
522,2031,19:53:39,524,S,LAUNCH_WAIT,80,49,66,57,158,200,153,81,104,1,22,9,94,1,19:53:39,9,88,31,2,CXON
523,2031,19:53:40,525,F,ASCENT,64,80,61,11,234,239,262,111,335,332,67,58,48,3,19:53:40,100,73,15,3,ST
524,2031,19:53:41,526,S,LAUNCH_WAIT,88,34,53,5,265,162,349,320,189,70,24,81,18,2,19:53:41,7,18,21,1,CXON
525,2031,19:53:42,527,F,ASCENT,67,93,86,37,117,72,223,254,321,238,91,30,87,2,19:53:42,54,99,13,1,ST
526,2031,19:53:44,528,S,LAUNCH_WAIT,36,75,2,14,340,289,88,320,15,22,48,89,50,5,19:53:44,81,88,21,2,CXON
527,2031,19:53:45,529,F,ASCENT,85,66,48,62,334,117,265,297,324,168,94,43,60,2,19:53:45,48,16,5,3,ST
528,2031,19:53:46,530,S,LAUNCH_WAIT,21,1,13,25,198,83,308,77,17,293,32,88,14,3,19:53:46,26,99,25,1,CXON
529,2031,19:53:47,531,F,ASCENT,44,7,97,95,156,335,208,164,355,336,56,88,87,8,19:53:47,51,53,24,2,ST
530,2031,19:53:48,532,S,LAUNCH_WAIT,14,56,38,27,269,359,206,348,300,317,54,71,33,3,19:53:48,39,68,76,1,CXON
531,2031,19:53:49,533,F,ASCENT,60,86,15,90,91,6,327,124,22,51,53,27,16,9,19:53:49,68,66,70,2,ST
532,2031,19:53:50,534,S,LAUNCH_WAIT,8,64,13,83,156,226,100,267,5,79,44,89,97,4,19:53:50,84,92,75,2,CXON
533,2031,19:53:51,535,F,ASCENT,11,47,29,22,302,179,141,177,4,163,86,90,36,10,19:53:51,51,28,9,2,ST
534,2031,19:53:52,536,S,LAUNCH_WAIT,70,59,85,66,77,214,149,222,218,60,47,82,99,7,19:53:52,57,27,89,3,CXON
535,2031,19:53:53,537,F,ASCENT,19,38,100,78,34,64,109,61,153,271,33,87,54,8,19:53:53,65,42,43,1,ST
536,2031,19:53:54,538,S,LAUNCH_WAIT,65,3,45,21,98,101,253,102,52,200,4,35,69,3,19:53:54,60,81,61,1,CXON
537,2031,19:53:55,539,F,ASCENT,96,46,79,50,144,257,146,359,289,188,96,52,15,5,19:53:55,12,7,23,2,ST
538,2031,19:53:56,540,S,LAUNCH_WAIT,32,24,42,54,1,139,233,307,295,270,35,60,76,1,19:53:56,93,35,84,2,CXON
539,2031,19:53:57,541,F,ASCENT,3,32,70,70,280,299,113,118,45,358,51,99,5,1,19:53:57,21,34,93,1,ST
540,2031,19:53:58,542,S,LAUNCH_WAIT,46,17,37,77,221,292,242,195,132,301,28,19,91,7,19:53:58,57,94,30,1,CXON
541,2031,19:53:59,543,F,ASCENT,67,11,16,36,251,136,254,199,117,72,89,12,80,8,19:53:59,97,53,78,3,ST
542,2031,19:54:00,544,S,LAUNCH_WAIT,49,57,43,35,267,219,121,302,80,127,32,67,50,2,19:54:00,34,44,78,1,CXON
543,2031,19:54:01,545,F,ASCENT,65,87,27,22,85,213,127,301,90,200,12,24,61,1,19:54:01,41,11,3,2,ST
544,2031,19:54:02,546,S,LAUNCH_WAIT,10,18,12,25,21,130,117,292,168,217,18,55,33,4,19:54:02,96,34,15,2,CXON
545,2031,19:54:03,547,F,ASCENT,11,69,50,81,26,330,170,201,309,65,94,13,96,3,19:54:03,75,82,82,2,ST
546,2031,19:54:04,548,S,LAUNCH_WAIT,32,93,79,27,167,288,251,89,79,107,10,8,19,3,19:54:04,78,42,10,3,CXON
547,2031,19:54:05,549,F,ASCENT,38,81,77,84,29,216,27,17,73,73,35,99,18,1,19:54:05,76,91,100,3,ST
548,2031,19:54:06,550,S,LAUNCH_WAIT,81,64,67,45,346,52,12,212,244,209,57,32,40,4,19:54:06,73,77,29,3,CXON
549,2031,19:54:07,551,F,ASCENT,59,84,75,38,351,7,48,107,26,28,19,87,57,9,19:54:07,78,72,97,2,ST
550,2031,19:54:08,552,S,LAUNCH_WAIT,89,34,94,3,73,21,294,251,15,13,1,100,88,10,19:54:08,92,77,26,2,CXON
551,2031,19:54:09,553,F,ASCENT,83,79,78,80,47,316,117,55,162,108,65,12,69,1,19:54:09,100,89,50,1,ST
552,2031,19:54:10,554,S,LAUNCH_WAIT,42,5,4,34,163,157,227,159,160,290,94,10,21,6,19:54:10,100,83,74,1,CXON
553,2031,19:54:11,555,F,ASCENT,48,16,65,40,271,23,227,106,186,16,35,18,83,1,19:54:11,24,71,15,3,ST
554,2031,19:54:12,556,S,LAUNCH_WAIT,82,53,51,89,101,126,245,163,243,325,67,53,55,2,19:54:12,4,84,37,3,CXON
555,2031,19:54:13,557,F,ASCENT,30,65,60,45,48,255,141,220,167,286,30,33,2,5,19:54:13,15,17,57,1,ST
556,2031,19:54:14,558,S,LAUNCH_WAIT,92,14,49,64,240,309,56,95,52,353,8,46,57,1,19:54:14,6,26,57,2,CXON
557,2031,19:54:15,559,F,ASCENT,29,53,15,68,7,274,143,221,326,25,85,64,60,6,19:54:15,79,49,58,1,ST
558,2031,19:54:16,560,S,LAUNCH_WAIT,69,93,95,97,38,334,111,176,324,44,82,83,52,10,19:54:16,41,95,98,3,CXON
559,2031,19:54:17,561,F,ASCENT,55,37,98,60,81,247,29,105,127,254,88,6,72,4,19:54:17,65,39,100,1,ST
560,2031,19:54:18,562,S,LAUNCH_WAIT,93,90,76,47,166,72,120,263,129,346,49,78,84,9,19:54:18,32,50,40,1,CXON
561,2031,19:54:19,563,F,ASCENT,62,42,82,63,200,30,143,276,191,51,36,3,10,7,19:54:19,100,48,23,3,ST
562,2031,19:54:20,564,S,LAUNCH_WAIT,47,78,64,30,206,128,218,179,295,108,94,5,25,7,19:54:20,56,90,96,3,CXON
563,2031,19:54:21,565,F,ASCENT,83,70,50,28,161,205,289,192,89,85,69,58,60,5,19:54:21,47,68,78,1,ST
564,2031,19:54:22,566,S,LAUNCH_WAIT,64,97,96,69,59,208,219,95,333,96,77,82,52,1,19:54:22,49,72,76,2,CXON
565,2031,19:54:23,567,F,ASCENT,74,53,71,28,210,208,107,133,297,310,46,14,96,10,19:54:23,93,78,89,3,ST
566,2031,19:54:24,568,S,LAUNCH_WAIT,19,58,27,16,26,235,241,84,284,25,38,50,79,3,19:54:24,91,41,45,1,CXON
567,2031,19:54:25,569,F,ASCENT,15,86,99,41,281,131,96,187,319,249,21,92,53,4,19:54:25,38,86,86,3,ST
568,2031,19:54:26,570,S,LAUNCH_WAIT,52,4,47,97,225,160,311,213,240,65,79,74,81,1,19:54:26,40,80,8,1,CXON
569,2031,19:54:27,571,F,ASCENT,81,30,44,28,339,63,6,296,42,219,95,6,28,10,19:54:27,45,97,51,1,ST
570,2031,19:54:28,572,S,LAUNCH_WAIT,5,80,68,89,253,27,12,107,108,264,97,22,91,10,19:54:28,32,87,28,2,CXON
571,2031,19:54:29,573,F,ASCENT,36,36,91,90,213,96,126,357,223,88,3,81,98,1,19:54:29,25,95,57,3,ST
572,2031,19:54:30,574,S,LAUNCH_WAIT,98,44,57,27,223,39,170,207,219,90,95,55,71,8,19:54:30,73,2,32,2,CXON
573,2031,19:54:31,575,F,ASCENT,72,6,75,66,23,92,348,54,33,66,48,55,23,6,19:54:31,80,49,31,2,ST
574,2031,19:54:32,576,S,LAUNCH_WAIT,22,34,25,35,60,176,112,176,359,110,29,21,86,4,19:54:32,73,28,6,3,CXON
575,2031,19:54:33,577,F,ASCENT,25,67,79,8,114,192,63,307,64,262,57,83,25,5,19:54:33,82,93,31,3,ST
576,2031,19:54:34,578,S,LAUNCH_WAIT,92,85,98,74,275,191,17,202,280,150,53,41,98,1,19:54:34,50,25,51,1,CXON
577,2031,19:54:35,579,F,ASCENT,27,9,56,53,74,323,21,226,7,34,53,81,98,1,19:54:35,69,66,50,2,ST
578,2031,19:54:36,580,S,LAUNCH_WAIT,46,26,64,64,87,312,303,107,241,242,14,52,16,2,19:54:36,48,13,66,2,CXON
579,2031,19:54:37,581,F,ASCENT,50,34,38,81,103,14,245,160,133,309,26,75,81,3,19:54:37,24,19,14,1,ST
580,2031,19:54:38,582,S,LAUNCH_WAIT,60,23,58,94,124,259,188,233,165,23,99,48,62,6,19:54:38,87,63,22,1,CXON
581,2031,19:54:39,583,F,ASCENT,22,86,94,29,172,48,29,27,276,180,90,40,35,2,19:54:39,85,34,58,1,ST
582,2031,19:54:40,584,S,LAUNCH_WAIT,26,70,97,47,98,343,234,60,250,188,19,41,38,10,19:54:40,15,37,11,1,CXON
583,2031,19:54:41,585,F,ASCENT,71,32,15,38,245,180,187,196,98,67,87,63,93,1,19:54:41,30,76,39,2,ST
584,2031,19:54:42,586,S,LAUNCH_WAIT,100,67,56,23,224,89,102,232,142,64,39,86,38,6,19:54:42,28,37,43,2,CXON
585,2031,19:54:43,587,F,ASCENT,41,17,47,93,71,150,355,219,199,49,27,9,44,2,19:54:43,95,78,26,1,ST
586,2031,19:54:44,588,S,LAUNCH_WAIT,21,35,41,60,319,281,240,23,341,211,1,30,47,5,19:54:44,76,51,73,3,CXON
587,2031,19:54:45,589,F,ASCENT,39,67,43,71,162,38,163,79,328,134,33,82,97,9,19:54:45,23,42,29,3,ST
588,2031,19:54:46,590,S,LAUNCH_WAIT,30,94,80,37,1,108,236,28,200,174,89,12,41,10,19:54:46,89,99,87,3,CXON
589,2031,19:54:47,591,F,ASCENT,47,62,33,95,233,19,175,214,234,261,21,93,2,1,19:54:47,62,99,17,1,ST
590,2031,19:54:48,592,S,LAUNCH_WAIT,35,64,65,61,135,169,239,254,236,198,17,11,78,3,19:54:48,40,68,21,2,CXON
591,2031,19:54:49,593,F,ASCENT,36,17,78,63,205,64,338,212,348,86,81,10,23,9,19:54:49,33,60,24,3,ST
592,2031,19:54:50,594,S,LAUNCH_WAIT,68,83,85,21,118,159,307,214,188,205,27,4,39,7,19:54:50,75,62,12,1,CXON
593,2031,19:54:51,595,F,ASCENT,100,75,67,5,208,43,250,263,225,331,41,9,94,6,19:54:51,39,43,11,1,ST
594,2031,19:54:52,596,S,LAUNCH_WAIT,17,33,24,70,331,102,251,226,152,170,7,47,19,7,19:54:52,46,20,18,3,CXON
595,2031,19:54:53,597,F,ASCENT,91,96,15,36,56,271,160,320,170,219,97,79,10,10,19:54:53,76,58,96,1,ST
596,2031,19:54:54,598,S,LAUNCH_WAIT,99,35,47,58,14,28,61,184,327,10,5,23,36,9,19:54:54,2,6,100,2,CXON
597,2031,19:54:55,599,F,ASCENT,29,75,71,10,2,77,219,192,291,53,38,70,86,2,19:54:55,36,82,59,3,ST
598,2031,19:54:56,600,S,LAUNCH_WAIT,46,97,39,14,20,295,297,262,285,135,66,95,50,5,19:54:56,7,48,93,1,CXON
599,2031,19:54:57,601,F,ASCENT,67,87,28,34,84,210,198,3,293,129,16,78,39,2,19:54:57,99,22,9,2,ST
600,2031,19:54:58,602,S,LAUNCH_WAIT,66,73,4,66,319,175,102,108,243,240,1,35,30,10,19:54:58,75,38,23,2,CXON
601,2031,19:54:59,603,F,ASCENT,82,87,82,42,152,89,307,290,260,339,77,12,45,1,19:54:59,19,17,67,1,ST
602,2031,19:55:00,604,S,LAUNCH_WAIT,92,88,34,32,197,210,16,322,94,133,83,60,38,9,19:55:00,64,38,81,2,CXON
603,2031,19:55:01,605,F,ASCENT,59,91,53,99,158,138,14,357,96,303,88,34,9,1,19:55:01,1,91,91,1,ST
604,2031,19:55:02,606,S,LAUNCH_WAIT,48,31,38,10,23,292,246,300,240,357,3,76,64,9,19:55:02,60,22,97,1,CXON
605,2031,19:55:03,607,F,ASCENT,72,30,11,12,26,67,33,87,210,96,10,19,81,9,19:55:03,7,38,8,3,ST
606,2031,19:55:04,608,S,LAUNCH_WAIT,29,33,28,51,54,313,312,326,18,108,63,79,99,4,19:55:04,63,64,86,3,CXON
607,2031,19:55:05,609,F,ASCENT,40,30,24,63,319,207,239,227,241,67,16,77,63,4,19:55:05,22,75,30,3,ST
608,2031,19:55:06,610,S,LAUNCH_WAIT,98,79,10,33,13,6,41,59,140,156,95,23,48,2,19:55:06,100,74,22,3,CXON
609,2031,19:55:07,611,F,ASCENT,3,95,70,16,93,225,223,359,312,105,47,59,83,4,19:55:07,82,39,99,1,ST
610,2031,19:55:08,612,S,LAUNCH_WAIT,21,17,13,1,41,61,336,271,158,299,25,80,35,6,19:55:08,88,1,33,2,CXON
611,2031,19:55:09,613,F,ASCENT,84,85,46,70,30,1,27,292,137,91,65,13,1,3,19:55:09,4,62,41,3,ST
612,2031,19:55:10,614,S,LAUNCH_WAIT,45,30,90,59,260,59,37,139,232,314,48,95,20,1,19:55:10,23,34,71,2,CXON
613,2031,19:55:11,615,F,ASCENT,29,97,85,23,42,185,335,204,170,58,6,61,100,10,19:55:11,11,38,94,1,ST
614,2031,19:55:12,616,S,LAUNCH_WAIT,78,5,13,80,51,270,24,243,36,336,70,67,72,4,19:55:12,44,51,92,3,CXON
615,2031,19:55:13,617,F,ASCENT,5,33,2,30,328,91,337,162,44,16,21,39,80,6,19:55:13,76,50,82,3,ST
616,2031,19:55:14,618,S,LAUNCH_WAIT,34,35,16,3,46,83,292,167,319,354,25,35,63,7,19:55:14,56,3,19,1,CXON
617,2031,19:55:15,619,F,ASCENT,4,8,79,17,42,319,61,276,133,187,65,72,64,1,19:55:15,43,93,92,2,ST
618,2031,19:55:17,620,S,LAUNCH_WAIT,72,53,33,31,17,150,125,331,199,1,75,9,16,4,19:55:17,88,9,3,2,CXON
619,2031,19:55:18,621,F,ASCENT,57,35,44,4,356,272,67,64,77,218,6,1,100,5,19:55:18,91,56,5,2,ST
620,2031,19:55:19,622,S,LAUNCH_WAIT,76,80,19,41,305,288,111,124,293,174,11,9,91,6,19:55:19,85,31,5,2,CXON
621,2031,19:55:20,623,F,ASCENT,77,2,83,33,52,159,183,110,325,309,31,3,87,2,19:55:20,85,66,97,3,ST
622,2031,19:55:21,624,S,LAUNCH_WAIT,23,20,22,41,306,120,32,34,333,193,87,7,59,9,19:55:21,33,24,56,1,CXON
623,2031,19:55:22,625,F,ASCENT,53,5,7,69,180,211,189,94,180,33,22,7,99,9,19:55:22,50,4,56,3,ST
624,2031,19:55:23,626,S,LAUNCH_WAIT,8,13,15,74,308,251,112,260,288,199,21,80,20,9,19:55:23,93,40,20,3,CXON
625,2031,19:55:24,627,F,ASCENT,26,19,20,17,313,2,341,71,118,319,44,23,81,7,19:55:24,23,81,74,1,ST
626,2031,19:55:25,628,S,LAUNCH_WAIT,56,53,89,72,185,179,157,337,124,110,95,13,30,1,19:55:25,22,78,71,1,CXON
627,2031,19:55:26,629,F,ASCENT,6,69,45,89,258,185,182,106,286,114,62,51,15,1,19:55:26,20,44,57,2,ST
628,2031,19:55:27,630,S,LAUNCH_WAIT,80,2,40,59,227,134,177,243,159,153,77,55,17,5,19:55:27,3,67,37,1,CXON
629,2031,19:55:28,631,F,ASCENT,100,55,61,20,273,155,249,120,17,258,39,70,65,9,19:55:28,84,53,58,3,ST
630,2031,19:55:29,632,S,LAUNCH_WAIT,11,40,18,55,274,205,347,90,241,349,63,81,47,8,19:55:29,90,16,66,3,CXON
631,2031,19:55:30,633,F,ASCENT,48,2,52,70,323,207,132,282,34,151,63,53,20,6,19:55:30,85,32,5,1,ST
632,2031,19:55:31,634,S,LAUNCH_WAIT,8,84,11,76,25,250,113,146,326,99,2,65,96,6,19:55:31,1,43,92,3,CXON
633,2031,19:55:32,635,F,ASCENT,6,15,74,91,310,179,360,87,251,277,91,64,24,4,19:55:32,73,41,35,1,ST
634,2031,19:55:33,636,S,LAUNCH_WAIT,71,90,100,7,265,24,220,82,272,159,5,9,32,5,19:55:33,69,23,86,2,CXON
635,2031,19:55:34,637,F,ASCENT,40,74,35,29,256,279,96,22,231,131,27,38,84,7,19:55:34,12,51,66,2,ST
636,2031,19:55:35,638,S,LAUNCH_WAIT,97,90,44,36,242,339,208,167,123,211,86,28,100,8,19:55:35,3,50,90,2,CXON
637,2031,19:55:36,639,F,ASCENT,5,85,30,72,77,164,125,299,228,135,79,48,78,6,19:55:36,69,48,15,1,ST
638,2031,19:55:37,640,S,LAUNCH_WAIT,95,91,16,58,133,137,38,134,82,360,72,43,19,2,19:55:37,23,58,38,1,CXON
639,2031,19:55:38,641,F,ASCENT,65,38,20,34,53,122,82,310,189,195,66,79,48,3,19:55:38,57,6,88,1,ST
640,2031,19:55:39,642,S,LAUNCH_WAIT,44,20,11,98,359,111,279,47,256,283,53,49,63,1,19:55:39,63,30,27,3,CXON
641,2031,19:55:40,643,F,ASCENT,23,6,35,13,268,149,292,46,244,168,8,40,85,2,19:55:40,97,98,65,2,ST
642,2031,19:55:41,644,S,LAUNCH_WAIT,2,82,35,23,240,90,23,191,24,259,12,19,47,3,19:55:41,16,12,33,1,CXON
643,2031,19:55:42,645,F,ASCENT,38,64,81,72,117,270,36,344,187,161,35,81,98,8,19:55:42,89,28,20,1,ST
644,2031,19:55:43,646,S,LAUNCH_WAIT,37,77,2,41,208,244,23,134,116,288,52,34,59,5,19:55:43,11,21,75,3,CXON
645,2031,19:55:44,647,F,ASCENT,35,58,44,46,87,52,153,99,136,58,3,93,21,9,19:55:44,38,55,35,3,ST
646,2031,19:55:45,648,S,LAUNCH_WAIT,70,47,29,95,83,332,49,237,271,36,29,99,44,5,19:55:45,51,39,36,3,CXON
647,2031,19:55:46,649,F,ASCENT,26,4,6,21,223,48,7,168,155,115,30,31,6,2,19:55:46,44,53,64,3,ST
648,2031,19:55:47,650,S,LAUNCH_WAIT,58,35,37,16,348,243,32,124,231,163,54,9,37,2,19:55:47,58,23,5,2,CXON
649,2031,19:55:48,651,F,ASCENT,26,74,31,72,325,7,334,327,88,211,80,81,19,10,19:55:48,24,68,55,2,ST
650,2031,19:55:49,652,S,LAUNCH_WAIT,50,87,97,91,141,92,93,329,181,259,34,67,87,7,19:55:49,38,56,10,3,CXON
651,2031,19:55:50,653,F,ASCENT,8,38,12,82,87,117,249,249,307,7,59,56,12,6,19:55:50,25,51,20,3,ST
652,2031,19:55:51,654,S,LAUNCH_WAIT,56,13,79,27,66,9,90,272,44,227,23,69,99,10,19:55:51,72,24,70,2,CXON
653,2031,19:55:52,655,F,ASCENT,54,18,15,70,270,13,36,111,295,151,50,80,98,4,19:55:52,28,27,67,2,ST
654,2031,19:55:53,656,S,LAUNCH_WAIT,90,62,31,3,292,51,131,242,163,213,87,66,65,4,19:55:53,11,38,33,1,CXON
655,2031,19:55:54,657,F,ASCENT,39,49,79,82,230,239,335,137,71,186,91,53,45,2,19:55:54,56,83,56,3,ST
656,2031,19:55:55,658,S,LAUNCH_WAIT,45,66,7,51,197,20,119,29,184,19,82,22,74,8,19:55:55,86,87,83,3,CXON
657,2031,19:55:56,659,F,ASCENT,65,8,35,51,282,88,187,200,349,166,82,77,4,4,19:55:56,33,38,28,1,ST
658,2031,19:55:57,660,S,LAUNCH_WAIT,47,48,71,87,104,21,281,193,131,320,4,83,31,3,19:55:57,54,79,30,3,CXON
659,2031,19:55:58,661,F,ASCENT,28,82,41,1,269,93,59,111,30,307,79,85,8,6,19:55:58,2,44,49,3,ST
660,2031,19:55:59,662,S,LAUNCH_WAIT,46,66,92,82,163,217,150,283,44,214,35,95,63,10,19:55:59,54,20,92,1,CXON
661,2031,19:56:00,663,F,ASCENT,37,10,7,2,110,358,43,199,332,326,93,10,4,10,19:56:00,96,6,1,3,ST
662,2031,19:56:01,664,S,LAUNCH_WAIT,74,47,99,31,116,125,347,221,56,141,93,46,13,2,19:56:01,70,18,48,2,CXON
663,2031,19:56:02,665,F,ASCENT,40,83,7,88,333,167,200,262,142,159,68,66,81,8,19:56:02,64,91,83,2,ST
664,2031,19:56:03,666,S,LAUNCH_WAIT,52,86,35,2,103,255,238,190,143,272,1,95,37,2,19:56:03,29,74,43,3,CXON
665,2031,19:56:04,667,F,ASCENT,11,3,70,93,25,144,84,299,322,359,12,85,98,7,19:56:04,60,54,86,3,ST
666,2031,19:56:05,668,S,LAUNCH_WAIT,79,97,70,50,354,130,249,204,76,117,28,43,68,1,19:56:05,100,93,15,2,CXON
667,2031,19:56:06,669,F,ASCENT,36,61,50,26,42,62,168,248,98,150,29,64,31,1,19:56:06,91,14,74,2,ST
668,2031,19:56:07,670,S,LAUNCH_WAIT,52,63,18,25,115,360,195,259,141,7,26,69,34,1,19:56:07,98,87,99,1,CXON
669,2031,19:56:08,671,F,ASCENT,75,67,21,64,76,135,61,52,313,199,18,1,66,5,19:56:08,77,62,98,3,ST
670,2031,19:56:09,672,S,LAUNCH_WAIT,47,27,98,20,295,159,337,338,304,337,53,76,46,5,19:56:09,19,46,51,2,CXON
671,2031,19:56:10,673,F,ASCENT,100,29,77,16,7,26,20,127,43,162,75,3,35,1,19:56:10,74,35,2,2,ST
672,2031,19:56:11,674,S,LAUNCH_WAIT,8,51,93,58,103,130,143,244,131,38,20,40,100,10,19:56:11,32,67,37,2,CXON
673,2031,19:56:12,675,F,ASCENT,78,94,21,13,119,29,191,142,275,188,56,5,42,8,19:56:12,82,55,4,1,ST
674,2031,19:56:13,676,S,LAUNCH_WAIT,19,57,22,19,285,197,99,88,359,136,1,18,53,10,19:56:13,27,62,93,3,CXON
675,2031,19:56:14,677,F,ASCENT,57,34,59,96,101,297,198,256,282,163,20,3,97,4,19:56:14,70,18,99,2,ST
676,2031,19:56:15,678,S,LAUNCH_WAIT,29,37,19,22,280,360,172,89,36,2,59,36,52,1,19:56:15,25,54,64,2,CXON
677,2031,19:56:16,679,F,ASCENT,62,10,67,74,218,288,222,121,287,32,75,67,14,9,19:56:16,1,58,82,2,ST
678,2031,19:56:17,680,S,LAUNCH_WAIT,27,15,37,79,134,176,211,172,217,121,96,98,3,6,19:56:17,42,12,45,2,CXON
679,2031,19:56:18,681,F,ASCENT,34,12,1,87,132,285,81,188,335,19,84,76,12,1,19:56:18,42,13,1,1,ST
680,2031,19:56:19,682,S,LAUNCH_WAIT,85,59,60,20,172,41,13,139,67,119,73,7,31,4,19:56:19,24,66,8,2,CXON
681,2031,19:56:20,683,F,ASCENT,57,20,98,47,133,320,57,65,109,21,20,67,31,3,19:56:20,31,56,64,1,ST
682,2031,19:56:21,684,S,LAUNCH_WAIT,55,44,22,30,11,10,241,336,313,175,41,32,33,5,19:56:21,77,97,93,2,CXON
683,2031,19:56:22,685,F,ASCENT,34,17,84,17,55,357,274,165,241,22,62,58,95,5,19:56:22,70,64,79,2,ST
684,2031,19:56:23,686,S,LAUNCH_WAIT,53,90,13,31,305,205,95,238,314,351,94,81,49,5,19:56:23,71,37,22,2,CXON
685,2031,19:56:24,687,F,ASCENT,70,46,99,91,146,83,266,30,288,165,80,38,4,3,19:56:24,41,57,83,1,ST
686,2031,19:56:25,688,S,LAUNCH_WAIT,83,52,81,9,212,9,345,300,55,237,68,3,22,7,19:56:25,15,16,49,2,CXON
687,2031,19:56:26,689,F,ASCENT,55,53,20,85,287,8,269,273,266,278,19,6,91,8,19:56:26,5,78,89,3,ST
688,2031,19:56:27,690,S,LAUNCH_WAIT,71,85,38,32,319,124,304,259,54,347,15,74,72,3,19:56:27,8,76,53,3,CXON
689,2031,19:56:28,691,F,ASCENT,2,4,60,98,79,229,256,108,331,96,42,79,72,7,19:56:28,42,76,69,2,ST
690,2031,19:56:29,692,S,LAUNCH_WAIT,98,15,10,30,147,146,134,173,102,272,88,97,93,9,19:56:29,7,99,41,2,CXON
691,2031,19:56:30,693,F,ASCENT,36,65,16,65,342,343,289,239,123,189,12,97,67,10,19:56:30,6,71,31,1,ST
692,2031,19:56:31,694,S,LAUNCH_WAIT,49,75,50,98,40,255,217,345,176,49,22,17,20,3,19:56:31,62,78,33,2,CXON
693,2031,19:56:32,695,F,ASCENT,70,7,64,6,132,263,178,162,310,160,12,34,2,4,19:56:32,93,35,50,1,ST
694,2031,19:56:33,696,S,LAUNCH_WAIT,43,46,14,54,358,137,238,198,188,136,72,34,37,2,19:56:33,23,88,68,3,CXON
695,2031,19:56:34,697,F,ASCENT,26,16,23,34,360,334,2,152,89,199,54,63,62,8,19:56:34,5,86,95,1,ST
696,2031,19:56:35,698,S,LAUNCH_WAIT,68,51,39,76,269,189,113,48,72,74,37,23,92,5,19:56:35,84,99,96,2,CXON
697,2031,19:56:36,699,F,ASCENT,92,84,52,35,70,137,74,310,228,148,65,23,37,9,19:56:36,98,51,43,1,ST
698,2031,19:56:37,700,S,LAUNCH_WAIT,45,32,77,43,187,1,112,200,294,245,75,72,42,2,19:56:37,19,40,95,1,CXON
699,2031,19:56:38,701,F,ASCENT,57,22,44,45,269,230,303,38,342,154,92,29,16,2,19:56:38,6,22,71,2,ST
700,2031,19:56:39,702,S,LAUNCH_WAIT,52,5,24,26,87,119,182,263,217,219,99,43,55,5,19:56:39,51,93,14,3,CXON
701,2031,19:56:40,703,F,ASCENT,32,35,65,67,156,286,84,121,198,307,46,44,81,7,19:56:40,35,35,1,2,ST
702,2031,19:56:41,704,S,LAUNCH_WAIT,78,98,9,71,173,217,307,155,87,46,61,58,95,1,19:56:41,54,60,86,3,CXON
703,2031,19:56:42,705,F,ASCENT,85,29,2,23,312,359,126,22,225,70,44,76,1,10,19:56:42,88,72,49,1,ST
704,2031,19:56:43,706,S,LAUNCH_WAIT,94,5,64,18,306,8,303,338,71,148,16,26,30,6,19:56:43,85,44,50,2,CXON
705,2031,19:56:44,707,F,ASCENT,16,31,99,13,163,99,130,204,122,53,14,73,86,4,19:56:44,69,41,18,1,ST
706,2031,19:56:45,708,S,LAUNCH_WAIT,54,44,31,95,2,6,310,210,69,140,16,38,3,7,19:56:45,94,39,88,1,CXON
707,2031,19:56:46,709,F,ASCENT,81,13,40,21,233,333,47,168,6,360,25,95,27,8,19:56:46,23,20,44,2,ST
708,2031,19:56:47,710,S,LAUNCH_WAIT,26,95,19,77,276,198,9,326,82,56,70,61,65,3,19:56:47,18,1,85,3,CXON
709,2031,19:56:48,711,F,ASCENT,96,6,75,27,79,193,24,217,237,99,6,88,1,1,19:56:48,84,43,65,3,ST
710,2031,19:56:49,712,S,LAUNCH_WAIT,41,19,19,14,354,74,106,285,146,144,41,41,86,1,19:56:49,46,55,11,2,CXON
711,2031,19:56:50,713,F,ASCENT,23,67,68,41,91,136,49,254,88,61,21,21,72,9,19:56:50,87,100,4,1,ST
712,2031,19:56:51,714,S,LAUNCH_WAIT,1,22,99,60,119,39,35,300,3,340,29,10,85,6,19:56:51,10,33,69,1,CXON
713,2031,19:56:52,715,F,ASCENT,79,49,37,18,255,52,60,98,175,267,7,21,43,8,19:56:52,76,63,41,1,ST
714,2031,19:56:53,716,S,LAUNCH_WAIT,80,62,25,13,95,70,281,338,94,149,27,50,93,7,19:56:53,28,71,45,1,CXON
715,2031,19:56:54,717,F,ASCENT,39,81,9,4,328,315,150,97,296,323,71,69,21,5,19:56:54,53,78,67,2,ST
716,2031,19:56:55,718,S,LAUNCH_WAIT,49,93,57,90,63,65,138,42,157,153,58,74,68,10,19:56:55,78,97,2,2,CXON
717,2031,19:56:56,719,F,ASCENT,95,88,11,66,272,182,229,200,114,45,52,81,65,5,19:56:56,52,67,53,1,ST
718,2031,19:56:57,720,S,LAUNCH_WAIT,12,7,21,32,340,71,67,126,239,296,94,29,30,1,19:56:57,95,17,75,2,CXON
719,2031,19:56:58,721,F,ASCENT,1,21,22,22,326,43,296,88,176,174,12,8,1,8,19:56:58,22,31,20,2,ST
720,2031,19:56:59,722,S,LAUNCH_WAIT,24,69,31,66,132,321,25,166,210,190,69,65,62,6,19:56:59,78,4,33,3,CXON
721,2031,19:57:00,723,F,ASCENT,1,84,69,61,156,326,105,50,298,350,39,40,73,8,19:57:00,19,90,27,3,ST
722,2031,19:57:01,724,S,LAUNCH_WAIT,9,84,89,31,359,264,334,230,252,137,87,54,9,9,19:57:01,77,96,43,3,CXON
723,2031,19:57:03,725,F,ASCENT,22,71,38,82,49,331,337,244,15,134,3,67,11,2,19:57:03,87,66,79,2,ST
724,2031,19:57:04,726,S,LAUNCH_WAIT,61,81,12,96,3,36,245,37,268,138,95,99,17,5,19:57:04,29,86,79,3,CXON
725,2031,19:57:05,727,F,ASCENT,47,87,46,70,101,314,346,315,268,244,63,73,59,4,19:57:05,6,32,3,1,ST
726,2031,19:57:06,728,S,LAUNCH_WAIT,79,38,35,38,340,349,216,51,103,140,68,8,3,10,19:57:06,78,11,8,2,CXON
727,2031,19:57:07,729,F,ASCENT,20,76,75,71,144,76,218,171,188,308,19,35,20,4,19:57:07,73,94,69,3,ST
728,2031,19:57:08,730,S,LAUNCH_WAIT,18,5,68,56,123,226,46,72,281,228,87,83,52,10,19:57:08,64,78,97,1,CXON
729,2031,19:57:09,731,F,ASCENT,51,49,41,77,330,338,239,228,247,203,89,50,14,6,19:57:09,97,63,14,3,ST
730,2031,19:57:10,732,S,LAUNCH_WAIT,51,14,25,33,76,77,193,211,196,4,36,8,26,6,19:57:10,42,74,3,3,CXON
731,2031,19:57:11,733,F,ASCENT,87,18,18,83,296,141,285,13,209,331,69,71,66,2,19:57:11,83,59,48,2,ST
732,2031,19:57:12,734,S,LAUNCH_WAIT,16,43,88,39,135,133,354,245,179,66,6,80,53,3,19:57:12,90,1,74,1,CXON
733,2031,19:57:13,735,F,ASCENT,37,55,26,22,348,27,10,115,218,164,18,82,49,4,19:57:13,97,59,15,2,ST
734,2031,19:57:14,736,S,LAUNCH_WAIT,87,55,83,45,152,349,71,62,277,36,34,34,67,2,19:57:14,96,85,69,1,CXON
735,2031,19:57:15,737,F,ASCENT,47,28,69,11,160,348,142,155,60,342,44,89,25,8,19:57:15,16,89,42,1,ST
736,2031,19:57:16,738,S,LAUNCH_WAIT,59,69,70,43,350,29,300,33,236,305,21,64,9,4,19:57:16,84,91,83,1,CXON
737,2031,19:57:17,739,F,ASCENT,56,9,91,3,49,244,9,114,245,38,67,40,58,6,19:57:17,90,84,2,3,ST
738,2031,19:57:18,740,S,LAUNCH_WAIT,62,39,48,78,159,283,284,293,198,170,64,100,34,9,19:57:18,73,91,94,1,CXON
739,2031,19:57:19,741,F,ASCENT,56,31,45,51,132,11,92,196,297,354,49,77,18,7,19:57:19,29,67,33,1,ST
740,2031,19:57:20,742,S,LAUNCH_WAIT,44,11,49,45,175,97,258,277,354,125,41,33,45,9,19:57:20,69,28,30,2,CXON
741,2031,19:57:21,743,F,ASCENT,36,44,17,3,113,186,69,161,187,172,21,25,9,4,19:57:21,23,89,81,2,ST
742,2031,19:57:22,744,S,LAUNCH_WAIT,7,57,23,85,84,59,48,264,88,262,100,47,39,6,19:57:22,54,81,94,3,CXON
743,2031,19:57:23,745,F,ASCENT,53,24,8,4,338,184,349,242,170,197,83,7,95,10,19:57:23,70,14,98,3,ST
744,2031,19:57:24,746,S,LAUNCH_WAIT,33,5,38,52,244,327,33,110,162,4,95,41,63,8,19:57:24,25,30,33,3,CXON
745,2031,19:57:25,747,F,ASCENT,100,27,69,40,220,187,224,133,148,289,66,51,80,9,19:57:25,98,73,30,2,ST
746,2031,19:57:26,748,S,LAUNCH_WAIT,83,59,75,60,182,55,346,76,160,45,1,53,11,4,19:57:26,1,66,13,3,CXON
747,2031,19:57:27,749,F,ASCENT,69,6,96,52,157,55,145,57,234,48,76,28,35,6,19:57:27,81,70,85,3,ST
748,2031,19:57:28,750,S,LAUNCH_WAIT,84,10,92,44,33,217,173,177,167,154,49,76,30,1,19:57:28,8,44,58,1,CXON
749,2031,19:57:29,751,F,ASCENT,59,82,5,47,104,225,112,328,280,281,21,36,90,7,19:57:29,10,19,40,3,ST
750,2031,19:57:30,752,S,LAUNCH_WAIT,81,96,36,51,338,141,65,329,140,328,68,28,33,4,19:57:30,65,92,34,2,CXON
751,2031,19:57:31,753,F,ASCENT,21,89,32,91,257,55,140,149,37,100,32,37,93,5,19:57:31,57,45,62,1,ST
752,2031,19:57:32,754,S,LAUNCH_WAIT,10,63,81,96,169,124,150,180,338,292,31,96,71,8,19:57:32,46,50,85,1,CXON
753,2031,19:57:33,755,F,ASCENT,90,22,12,49,154,300,356,13,280,344,9,65,23,3,19:57:33,57,20,66,3,ST
754,2031,19:57:34,756,S,LAUNCH_WAIT,37,50,34,12,191,242,312,275,251,246,32,26,100,3,19:57:34,53,4,33,2,CXON
755,2031,19:57:35,757,F,ASCENT,34,29,95,76,358,261,161,275,151,260,31,63,43,9,19:57:35,2,14,77,3,ST
756,2031,19:57:36,758,S,LAUNCH_WAIT,70,59,48,47,249,332,353,319,56,57,1,31,72,3,19:57:36,16,55,62,1,CXON
757,2031,19:57:37,759,F,ASCENT,13,89,37,61,115,183,200,71,343,44,89,69,38,8,19:57:37,22,4,58,2,ST
758,2031,19:57:38,760,S,LAUNCH_WAIT,9,9,51,44,172,73,140,143,128,86,54,81,32,9,19:57:38,73,8,17,3,CXON
759,2031,19:57:39,761,F,ASCENT,85,82,84,87,74,219,17,157,347,277,40,100,60,9,19:57:39,53,86,57,3,ST
760,2031,19:57:40,762,S,LAUNCH_WAIT,26,21,86,36,118,51,74,218,168,217,39,61,44,1,19:57:40,50,14,1,1,CXON
761,2031,19:57:41,763,F,ASCENT,14,81,9,22,257,287,167,239,243,279,75,40,12,4,19:57:41,79,20,17,2,ST
762,2031,19:57:42,764,S,LAUNCH_WAIT,92,9,62,65,20,237,57,113,350,297,65,65,26,7,19:57:42,18,58,51,1,CXON
763,2031,19:57:43,765,F,ASCENT,24,11,77,87,242,61,291,110,3,188,15,86,32,7,19:57:43,38,74,89,3,ST
764,2031,19:57:44,766,S,LAUNCH_WAIT,57,53,71,74,53,123,21,108,286,113,47,48,84,1,19:57:44,85,81,66,2,CXON
765,2031,19:57:45,767,F,ASCENT,27,90,21,64,62,334,37,87,74,24,4,36,96,9,19:57:45,9,99,94,1,ST
766,2031,19:57:46,768,S,LAUNCH_WAIT,55,4,96,41,59,336,212,243,304,99,52,24,52,7,19:57:46,53,11,70,2,CXON
767,2031,19:57:47,769,F,ASCENT,26,48,29,99,343,86,355,109,44,247,77,75,18,10,19:57:47,85,66,94,2,ST
768,2031,19:57:48,770,S,LAUNCH_WAIT,79,6,97,55,194,69,253,254,41,327,22,88,77,10,19:57:48,3,51,87,3,CXON
769,2031,19:57:49,771,F,ASCENT,25,21,92,18,230,123,316,33,93,6,52,68,50,3,19:57:49,12,45,48,3,ST
770,2031,19:57:50,772,S,LAUNCH_WAIT,36,69,4,55,349,258,55,147,300,30,69,69,70,6,19:57:50,60,71,7,3,CXON
771,2031,19:57:51,773,F,ASCENT,26,77,14,67,215,72,2,244,187,299,55,8,25,2,19:57:51,57,31,96,3,ST
772,2031,19:57:52,774,S,LAUNCH_WAIT,57,3,61,78,305,46,108,190,141,8,31,100,19,8,19:57:52,26,54,71,2,CXON
773,2031,19:57:53,775,F,ASCENT,58,13,5,86,115,263,206,113,212,89,6,61,35,2,19:57:53,3,14,43,3,ST
774,2031,19:57:54,776,S,LAUNCH_WAIT,14,58,95,8,125,214,307,253,102,31,33,93,64,5,19:57:54,41,2,77,2,CXON
775,2031,19:57:55,777,F,ASCENT,11,18,38,12,141,17,135,82,150,303,87,90,65,7,19:57:55,4,34,18,2,ST
776,2031,19:57:56,778,S,LAUNCH_WAIT,86,47,71,55,225,192,201,162,215,138,92,100,95,9,19:57:56,43,60,33,2,CXON
777,2031,19:57:57,779,F,ASCENT,95,51,90,84,344,357,178,86,108,49,58,60,8,1,19:57:57,51,50,12,2,ST
778,2031,19:57:58,780,S,LAUNCH_WAIT,5,59,20,11,153,216,357,59,241,28,40,20,8,3,19:57:58,42,49,28,2,CXON
779,2031,19:57:59,781,F,ASCENT,41,2,60,76,39,286,304,101,65,357,65,93,74,5,19:57:59,28,64,20,1,ST
780,2031,19:58:00,782,S,LAUNCH_WAIT,6,40,22,52,103,15,224,173,79,311,89,40,86,6,19:58:00,5,67,69,2,CXON
781,2031,19:58:01,783,F,ASCENT,6,8,19,38,14,75,241,141,302,221,8,65,34,10,19:58:01,80,88,81,3,ST
782,2031,19:58:02,784,S,LAUNCH_WAIT,8,78,25,11,293,52,162,144,157,321,96,49,44,3,19:58:02,77,67,75,1,CXON
783,2031,19:58:03,785,F,ASCENT,10,89,54,99,118,7,236,300,350,15,40,36,53,5,19:58:03,26,93,69,2,ST
784,2031,19:58:04,786,S,LAUNCH_WAIT,67,14,33,35,325,154,284,109,182,301,63,69,32,8,19:58:04,67,1,1,3,CXON
785,2031,19:58:05,787,F,ASCENT,69,18,24,77,180,274,149,39,47,278,60,66,36,6,19:58:05,13,89,1,3,ST
786,2031,19:58:06,788,S,LAUNCH_WAIT,54,51,68,92,110,295,278,36,94,289,48,7,3,5,19:58:06,32,95,38,1,CXON
787,2031,19:58:07,789,F,ASCENT,77,10,56,50,346,267,117,299,201,184,10,10,78,4,19:58:07,55,96,18,1,ST
788,2031,19:58:08,790,S,LAUNCH_WAIT,63,18,90,77,230,340,71,350,190,281,61,89,28,10,19:58:08,85,40,70,3,CXON
789,2031,19:58:09,791,F,ASCENT,96,58,82,80,91,322,45,77,54,264,4,96,16,8,19:58:09,13,60,24,1,ST
790,2031,19:58:10,792,S,LAUNCH_WAIT,1,9,43,18,260,98,58,257,175,30,100,18,91,5,19:58:10,35,88,44,1,CXON
791,2031,19:58:11,793,F,ASCENT,73,80,27,7,270,22,326,194,159,112,100,94,24,4,19:58:11,55,85,54,3,ST
792,2031,19:58:12,794,S,LAUNCH_WAIT,90,13,89,49,306,296,141,11,52,300,95,38,53,10,19:58:12,46,96,44,2,CXON
793,2031,19:58:13,795,F,ASCENT,1,81,89,85,63,172,13,289,117,197,82,91,15,2,19:58:13,68,32,70,1,ST
794,2031,19:58:14,796,S,LAUNCH_WAIT,71,53,36,95,113,339,236,143,74,175,79,25,11,6,19:58:14,19,69,69,3,CXON
795,2031,19:58:15,797,F,ASCENT,99,93,56,73,228,92,21,34,123,94,91,85,12,7,19:58:15,8,16,32,2,ST
796,2031,19:58:16,798,S,LAUNCH_WAIT,61,92,71,31,73,179,282,107,230,312,9,33,90,4,19:58:16,80,70,37,1,CXON
797,2031,19:58:17,799,F,ASCENT,66,9,33,96,103,334,312,338,19,185,8,28,63,2,19:58:17,46,31,49,2,ST
798,2031,19:58:18,800,S,LAUNCH_WAIT,72,98,70,84,73,359,214,169,101,200,6,74,17,5,19:58:18,26,46,74,1,CXON
799,2031,19:58:19,801,F,ASCENT,66,43,59,56,275,163,270,331,316,250,22,25,89,5,19:58:19,81,36,63,2,ST
800,2031,19:58:20,802,S,LAUNCH_WAIT,74,51,25,76,283,258,327,236,313,79,12,15,17,8,19:58:20,63,13,29,1,CXON
801,2031,19:58:21,803,F,ASCENT,74,46,30,12,6,79,171,358,177,95,79,12,80,2,19:58:21,23,22,8,1,ST
802,2031,19:58:22,804,S,LAUNCH_WAIT,75,45,39,7,118,131,231,264,107,104,46,30,100,6,19:58:22,88,81,79,1,CXON
803,2031,19:58:23,805,F,ASCENT,63,20,94,71,314,127,9,215,126,297,38,30,5,4,19:58:23,28,67,65,3,ST
804,2031,19:58:24,806,S,LAUNCH_WAIT,67,43,57,61,219,301,74,321,294,307,38,85,11,4,19:58:24,23,83,83,2,CXON
805,2031,19:58:25,807,F,ASCENT,72,67,81,12,46,171,359,185,174,204,63,68,99,10,19:58:25,3,51,7,3,ST
806,2031,19:58:26,808,S,LAUNCH_WAIT,69,80,40,58,162,279,61,279,248,130,99,38,5,9,19:58:26,30,35,96,2,CXON
807,2031,19:58:27,809,F,ASCENT,74,73,9,40,155,220,209,283,157,13,6,99,27,5,19:58:27,33,90,13,3,ST
808,2031,19:58:28,810,S,LAUNCH_WAIT,68,31,13,71,269,264,167,39,120,50,34,23,36,3,19:58:28,1,19,82,2,CXON
809,2031,19:58:29,811,F,ASCENT,32,81,31,71,58,215,197,79,235,206,38,60,78,9,19:58:29,74,16,57,3,ST
810,2031,19:58:30,812,S,LAUNCH_WAIT,69,11,39,32,60,49,353,260,7,339,12,36,85,7,19:58:30,22,69,80,1,CXON
811,2031,19:58:31,813,F,ASCENT,78,84,51,37,52,159,57,191,151,116,4,16,66,10,19:58:31,62,80,56,2,ST
812,2031,19:58:32,814,S,LAUNCH_WAIT,97,14,2,61,47,250,138,33,251,203,69,39,56,3,19:58:32,91,32,32,1,CXON
813,2031,19:58:33,815,F,ASCENT,72,59,93,57,258,309,177,314,229,231,26,7,1,4,19:58:33,48,23,82,2,ST
814,2031,19:58:34,816,S,LAUNCH_WAIT,38,81,85,62,250,226,272,42,188,224,68,15,89,8,19:58:34,31,22,75,2,CXON
815,2031,19:58:35,817,F,ASCENT,16,63,53,23,130,13,22,322,72,61,30,34,8,4,19:58:35,36,24,32,1,ST
816,2031,19:58:36,818,S,LAUNCH_WAIT,68,57,4,3,201,174,93,312,240,228,21,36,54,7,19:58:36,9,90,7,2,CXON
817,2031,19:58:37,819,F,ASCENT,27,70,16,48,6,44,9,5,260,43,69,11,30,4,19:58:37,10,92,84,3,ST
818,2031,19:58:38,820,S,LAUNCH_WAIT,5,1,19,67,43,82,312,182,70,357,11,94,89,1,19:58:38,85,39,26,1,CXON
819,2031,19:58:40,821,F,ASCENT,38,91,4,87,288,159,96,359,328,193,23,96,28,9,19:58:40,32,52,74,3,ST
820,2031,19:58:41,822,S,LAUNCH_WAIT,65,100,12,63,349,320,312,164,72,341,58,58,39,3,19:58:41,97,47,74,3,CXON
821,2031,19:58:42,823,F,ASCENT,43,38,65,63,24,246,339,52,184,57,20,67,40,6,19:58:42,7,35,22,2,ST
822,2031,19:58:43,824,S,LAUNCH_WAIT,91,45,54,65,216,27,117,168,211,4,69,17,45,5,19:58:43,32,37,19,2,CXON
823,2031,19:58:44,825,F,ASCENT,72,6,60,99,116,305,16,107,153,10,56,20,54,5,19:58:44,61,93,98,3,ST
824,2031,19:58:45,826,S,LAUNCH_WAIT,39,69,68,27,157,206,144,275,343,8,60,7,14,3,19:58:45,26,43,61,3,CXON
825,2031,19:58:46,827,F,ASCENT,32,35,64,25,1,91,69,51,148,72,89,51,77,1,19:58:46,99,12,91,3,ST
826,2031,19:58:47,828,S,LAUNCH_WAIT,85,87,30,60,159,38,314,335,220,139,98,25,31,3,19:58:47,55,37,87,3,CXON
827,2031,19:58:48,829,F,ASCENT,30,38,92,95,202,174,183,296,103,11,5,54,74,7,19:58:48,10,86,29,2,ST
828,2031,19:58:49,830,S,LAUNCH_WAIT,52,100,71,66,47,118,317,311,88,181,81,80,78,9,19:58:49,39,99,23,1,CXON
829,2031,19:58:50,831,F,ASCENT,39,71,91,43,323,247,300,208,73,15,86,13,9,7,19:58:50,6,11,57,1,ST
830,2031,19:58:51,832,S,LAUNCH_WAIT,51,31,66,78,345,34,55,167,151,290,43,80,68,5,19:58:51,23,93,86,2,CXON
831,2031,19:58:52,833,F,ASCENT,92,73,37,67,321,358,172,35,273,45,12,90,46,1,19:58:52,63,72,88,1,ST
832,2031,19:58:53,834,S,LAUNCH_WAIT,27,88,67,63,179,293,142,179,315,106,37,71,11,6,19:58:53,51,44,80,2,CXON
833,2031,19:58:54,835,F,ASCENT,15,21,90,30,266,173,32,212,51,67,38,41,30,10,19:58:54,61,11,97,2,ST
834,2031,19:58:55,836,S,LAUNCH_WAIT,82,13,96,2,18,171,189,320,199,172,34,75,46,3,19:58:55,93,48,77,1,CXON
835,2031,19:58:56,837,F,ASCENT,32,31,97,19,28,62,342,106,88,166,94,89,65,4,19:58:56,14,52,58,2,ST
836,2031,19:58:57,838,S,LAUNCH_WAIT,10,19,43,95,251,161,229,263,350,56,58,17,40,9,19:58:57,96,87,32,1,CXON
837,2031,19:58:58,839,F,ASCENT,40,81,32,20,46,18,82,297,352,321,96,71,80,9,19:58:58,52,26,93,2,ST
838,2031,19:58:59,840,S,LAUNCH_WAIT,70,29,73,50,73,78,235,236,289,194,34,38,98,3,19:58:59,7,40,67,3,CXON
839,2031,19:59:00,841,F,ASCENT,15,92,56,44,37,333,226,193,65,85,18,34,37,3,19:59:00,21,60,64,3,ST
840,2031,19:59:01,842,S,LAUNCH_WAIT,51,23,70,76,91,339,4,271,160,252,29,48,14,10,19:59:01,42,59,9,2,CXON
841,2031,19:59:02,843,F,ASCENT,18,73,81,91,262,186,271,105,233,118,54,92,83,5,19:59:02,40,80,38,2,ST
842,2031,19:59:03,844,S,LAUNCH_WAIT,100,33,3,31,15,176,284,349,58,105,66,79,27,1,19:59:03,89,92,40,2,CXON
843,2031,19:59:04,845,F,ASCENT,12,4,64,57,113,329,115,257,7,85,67,47,9,8,19:59:04,85,89,51,1,ST
844,2031,19:59:05,846,S,LAUNCH_WAIT,86,44,16,44,2,249,226,172,355,178,5,9,32,2,19:59:05,37,52,38,3,CXON
845,2031,19:59:06,847,F,ASCENT,29,40,58,74,247,314,67,49,55,269,67,77,59,6,19:59:06,46,3,4,3,ST
846,2031,19:59:07,848,S,LAUNCH_WAIT,61,73,31,14,13,63,157,13,257,104,61,90,51,1,19:59:07,65,14,1,1,CXON
847,2031,19:59:08,849,F,ASCENT,70,5,93,49,292,180,295,126,294,220,22,61,39,1,19:59:08,88,12,71,1,ST
848,2031,19:59:09,850,S,LAUNCH_WAIT,41,58,91,18,193,238,183,188,107,126,35,93,33,5,19:59:09,42,44,94,1,CXON
849,2031,19:59:10,851,F,ASCENT,95,73,17,87,351,76,146,257,323,176,79,5,22,3,19:59:10,38,56,7,1,ST
850,2031,19:59:11,852,S,LAUNCH_WAIT,17,40,1,41,44,289,275,175,75,238,44,14,83,6,19:59:11,57,59,59,1,CXON
851,2031,19:59:12,853,F,ASCENT,94,87,49,37,295,4,17,121,60,138,86,58,52,10,19:59:12,55,9,93,1,ST
852,2031,19:59:13,854,S,LAUNCH_WAIT,67,21,15,42,174,147,313,291,109,1,20,51,20,1,19:59:13,19,87,26,2,CXON
853,2031,19:59:14,855,F,ASCENT,92,100,84,93,36,101,111,245,190,215,96,98,67,1,19:59:14,62,22,56,2,ST
854,2031,19:59:15,856,S,LAUNCH_WAIT,3,18,29,85,158,219,352,193,195,149,98,38,94,1,19:59:15,10,11,42,3,CXON
855,2031,19:59:16,857,F,ASCENT,30,55,66,100,32,39,11,182,4,26,36,34,9,7,19:59:16,88,99,52,1,ST
856,2031,19:59:17,858,S,LAUNCH_WAIT,48,85,47,33,92,222,91,223,355,226,37,1,54,2,19:59:17,85,32,42,2,CXON
857,2031,19:59:18,859,F,ASCENT,81,97,66,37,149,247,33,229,184,148,37,74,98,6,19:59:18,89,66,10,3,ST
858,2031,19:59:19,860,S,LAUNCH_WAIT,22,10,41,53,215,118,237,88,206,187,72,10,2,5,19:59:19,30,49,73,2,CXON
859,2031,19:59:20,861,F,ASCENT,64,18,69,18,87,43,133,177,95,142,17,71,1,10,19:59:20,76,53,97,1,ST
860,2031,19:59:21,862,S,LAUNCH_WAIT,27,81,62,98,121,203,306,290,242,114,21,80,4,7,19:59:21,7,95,86,2,CXON
861,2031,19:59:22,863,F,ASCENT,40,56,40,47,229,60,106,235,216,269,66,17,53,10,19:59:22,59,80,33,2,ST
862,2031,19:59:23,864,S,LAUNCH_WAIT,86,62,81,53,197,342,157,171,356,181,28,39,18,7,19:59:23,57,27,7,1,CXON
863,2031,19:59:24,865,F,ASCENT,67,33,40,81,165,258,254,192,272,177,50,75,35,3,19:59:24,4,62,32,1,ST
864,2031,19:59:25,866,S,LAUNCH_WAIT,14,3,7,24,31,29,192,213,30,32,87,71,51,1,19:59:25,9,77,75,1,CXON
865,2031,19:59:26,867,F,ASCENT,10,43,39,94,108,336,7,28,194,129,73,45,54,3,19:59:26,6,78,27,3,ST
866,2031,19:59:27,868,S,LAUNCH_WAIT,65,54,60,34,266,184,275,181,345,32,15,32,67,2,19:59:27,18,26,25,1,CXON
867,2031,19:59:28,869,F,ASCENT,66,14,9,26,332,95,81,2,153,319,64,68,11,8,19:59:28,44,75,13,3,ST
868,2031,19:59:29,870,S,LAUNCH_WAIT,58,2,31,23,213,158,89,27,254,205,70,69,100,2,19:59:29,56,63,9,1,CXON
869,2031,19:59:30,871,F,ASCENT,97,60,20,30,188,15,360,231,268,127,8,88,31,5,19:59:30,40,98,1,2,ST
870,2031,19:59:31,872,S,LAUNCH_WAIT,59,96,61,41,3,277,165,161,220,10,28,6,96,6,19:59:31,92,18,42,1,CXON
871,2031,19:59:32,873,F,ASCENT,88,5,79,23,286,136,292,208,212,34,75,32,27,8,19:59:32,64,71,31,2,ST
872,2031,19:59:33,874,S,LAUNCH_WAIT,60,55,45,58,357,270,159,44,148,316,34,85,21,7,19:59:33,10,39,35,2,CXON
873,2031,19:59:34,875,F,ASCENT,9,75,5,80,1,117,90,184,181,147,20,21,71,7,19:59:34,57,52,32,1,ST
874,2031,19:59:35,876,S,LAUNCH_WAIT,9,32,10,3,24,1,343,201,168,156,56,37,18,10,19:59:35,73,80,21,1,CXON
875,2031,19:59:36,877,F,ASCENT,8,60,35,4,74,85,66,330,114,84,83,85,91,10,19:59:36,23,33,8,2,ST
876,2031,19:59:37,878,S,LAUNCH_WAIT,73,2,65,9,148,235,24,30,85,358,100,51,41,2,19:59:37,65,53,61,2,CXON
877,2031,19:59:38,879,F,ASCENT,31,16,31,39,136,265,167,224,351,292,28,96,86,3,19:59:38,94,72,10,3,ST
878,2031,19:59:39,880,S,LAUNCH_WAIT,29,73,55,82,318,158,359,71,237,336,48,71,73,2,19:59:39,21,36,29,2,CXON
879,2031,19:59:40,881,F,ASCENT,92,88,97,51,264,147,43,272,170,271,69,3,42,5,19:59:40,92,68,44,2,ST
880,2031,19:59:41,882,S,LAUNCH_WAIT,92,63,9,24,68,344,303,297,81,100,53,35,88,1,19:59:41,89,61,85,3,CXON
881,2031,19:59:42,883,F,ASCENT,61,93,83,30,178,235,118,136,287,184,96,80,24,5,19:59:42,48,51,21,3,ST
882,2031,19:59:43,884,S,LAUNCH_WAIT,13,44,42,55,199,164,84,158,81,127,58,38,49,4,19:59:43,20,26,44,3,CXON
883,2031,19:59:44,885,F,ASCENT,49,2,23,83,84,76,184,259,348,68,57,72,7,4,19:59:44,59,76,72,3,ST
884,2031,19:59:45,886,S,LAUNCH_WAIT,45,9,80,64,251,103,331,214,124,36,52,88,65,6,19:59:45,64,65,43,3,CXON
885,2031,19:59:46,887,F,ASCENT,2,43,6,34,152,126,11,152,97,286,40,39,40,5,19:59:46,3,33,37,1,ST
886,2031,19:59:48,888,S,LAUNCH_WAIT,63,96,75,71,130,158,112,55,255,116,69,14,6,10,19:59:48,97,41,16,1,CXON
887,2031,19:59:49,889,F,ASCENT,100,82,47,16,100,334,113,222,116,293,85,21,89,3,19:59:49,6,60,20,2,ST
888,2031,19:59:50,890,S,LAUNCH_WAIT,96,53,92,16,349,274,325,237,119,271,93,68,94,9,19:59:50,73,21,74,3,CXON
889,2031,19:59:51,891,F,ASCENT,55,51,58,65,14,80,80,132,147,319,96,89,50,2,19:59:51,79,79,30,2,ST
890,2031,19:59:52,892,S,LAUNCH_WAIT,5,69,100,52,80,66,36,227,357,19,49,51,57,4,19:59:52,73,96,23,1,CXON
891,2031,19:59:53,893,F,ASCENT,90,4,60,5,115,357,103,253,170,321,68,23,75,6,19:59:53,27,81,11,2,ST
892,2031,19:59:54,894,S,LAUNCH_WAIT,94,38,71,1,46,34,211,100,21,268,87,5,42,6,19:59:54,66,91,97,1,CXON
893,2031,19:59:55,895,F,ASCENT,60,14,27,50,216,113,205,225,74,272,2,62,50,3,19:59:55,15,82,88,3,ST
894,2031,19:59:56,896,S,LAUNCH_WAIT,87,94,10,86,131,142,10,10,327,202,45,74,64,2,19:59:56,100,85,4,3,CXON
895,2031,19:59:57,897,F,ASCENT,64,76,19,19,171,260,174,43,342,2,94,48,72,10,19:59:57,60,84,40,3,ST
896,2031,19:59:58,898,S,LAUNCH_WAIT,29,70,87,55,282,130,70,2,33,134,58,90,89,10,19:59:58,54,61,65,2,CXON
897,2031,19:59:59,899,F,ASCENT,14,88,56,100,227,69,313,244,85,64,38,19,55,6,19:59:59,36,60,99,3,ST
898,2031,20:00:00,900,S,LAUNCH_WAIT,9,97,35,84,346,246,32,134,266,225,99,77,45,4,20:00:00,75,58,2,2,CXON
899,2031,20:00:01,901,F,ASCENT,54,72,88,50,143,340,154,171,212,263,83,87,87,9,20:00:01,26,29,37,3,ST
900,2031,20:00:02,902,S,LAUNCH_WAIT,47,95,90,62,247,281,193,5,152,304,88,70,5,10,20:00:02,28,29,62,1,CXON
901,2031,20:00:03,903,F,ASCENT,32,53,74,89,291,226,73,67,340,312,24,69,69,2,20:00:03,44,37,60,2,ST
902,2031,20:00:04,904,S,LAUNCH_WAIT,64,32,73,3,268,205,133,191,181,255,52,83,39,10,20:00:04,14,36,80,2,CXON
903,2031,20:00:05,905,F,ASCENT,20,40,51,85,327,355,351,80,213,322,7,67,72,4,20:00:05,7,12,70,3,ST
904,2031,20:00:06,906,S,LAUNCH_WAIT,34,2,61,93,145,248,263,294,107,18,96,47,95,9,20:00:06,10,99,73,1,CXON
905,2031,20:00:07,907,F,ASCENT,77,37,87,20,133,192,214,130,286,48,9,72,24,6,20:00:07,83,69,82,2,ST
906,2031,20:00:08,908,S,LAUNCH_WAIT,16,18,30,42,304,38,19,114,219,41,28,28,17,1,20:00:08,1,53,61,2,CXON
907,2031,20:00:09,909,F,ASCENT,40,24,69,45,87,160,306,206,248,75,37,98,61,1,20:00:09,33,59,92,3,ST
908,2031,20:00:10,910,S,LAUNCH_WAIT,8,49,57,42,257,293,343,352,241,301,15,20,65,1,20:00:10,93,80,64,1,CXON
909,2031,20:00:11,911,F,ASCENT,2,87,77,42,76,346,291,81,12,65,94,78,16,1,20:00:11,45,46,4,1,ST
910,2031,20:00:12,912,S,LAUNCH_WAIT,63,27,6,30,134,135,120,356,216,161,23,83,99,6,20:00:12,46,45,86,1,CXON
911,2031,20:00:13,913,F,ASCENT,97,25,54,48,340,322,220,320,54,15,22,75,63,9,20:00:13,41,68,4,1,ST
912,2031,20:00:14,914,S,LAUNCH_WAIT,61,97,37,97,71,162,24,190,163,167,90,2,9,4,20:00:14,28,35,91,3,CXON
913,2031,20:00:15,915,F,ASCENT,57,2,4,9,116,81,261,218,258,267,80,80,37,9,20:00:15,1,73,11,2,ST
914,2031,20:00:16,916,S,LAUNCH_WAIT,43,94,94,99,242,3,167,62,50,292,19,83,30,10,20:00:16,65,35,39,1,CXON
915,2031,20:00:17,917,F,ASCENT,70,66,74,7,306,106,133,143,249,342,3,32,2,5,20:00:17,33,22,40,2,ST
916,2031,20:00:18,918,S,LAUNCH_WAIT,30,75,87,46,65,275,291,125,160,140,61,87,36,6,20:00:18,30,88,76,3,CXON
917,2031,20:00:19,919,F,ASCENT,79,100,19,99,353,204,296,257,108,263,58,53,31,3,20:00:19,2,5,24,3,ST
918,2031,20:00:20,920,S,LAUNCH_WAIT,3,68,91,14,278,303,99,1,73,339,59,2,41,5,20:00:20,22,28,88,2,CXON
919,2031,20:00:21,921,F,ASCENT,82,12,18,88,177,93,280,64,214,29,98,17,68,2,20:00:21,91,44,25,1,ST
920,2031,20:00:22,922,S,LAUNCH_WAIT,49,93,2,66,257,53,222,112,86,352,90,84,31,8,20:00:22,87,27,2,2,CXON
921,2031,20:00:23,923,F,ASCENT,27,45,48,5,77,131,344,39,244,335,38,58,79,1,20:00:23,14,10,57,2,ST
922,2031,20:00:24,924,S,LAUNCH_WAIT,71,81,70,61,92,99,348,177,129,243,10,14,18,6,20:00:24,79,57,83,2,CXON
923,2031,20:00:25,925,F,ASCENT,27,74,27,86,110,145,123,171,20,130,72,32,61,3,20:00:25,86,58,38,1,ST
924,2031,20:00:26,926,S,LAUNCH_WAIT,15,58,43,88,295,169,180,39,102,308,25,98,84,8,20:00:26,80,28,47,2,CXON
925,2031,20:00:27,927,F,ASCENT,56,43,36,4,63,237,171,205,264,178,51,85,49,2,20:00:27,99,7,8,2,ST
926,2031,20:00:28,928,S,LAUNCH_WAIT,51,30,85,21,248,303,161,13,305,3,94,35,31,7,20:00:28,70,54,49,1,CXON
927,2031,20:00:29,929,F,ASCENT,6,81,95,95,218,44,56,74,156,238,2,18,3,3,20:00:29,18,68,43,3,ST
928,2031,20:00:30,930,S,LAUNCH_WAIT,55,99,89,51,231,216,293,149,245,324,50,56,47,8,20:00:30,10,3,25,3,CXON
929,2031,20:00:31,931,F,ASCENT,96,31,56,76,215,212,87,297,73,38,44,60,94,1,20:00:31,43,73,89,2,ST
930,2031,20:00:32,932,S,LAUNCH_WAIT,89,5,55,13,83,261,277,258,187,178,8,81,100,1,20:00:32,49,45,82,1,CXON
931,2031,20:00:33,933,F,ASCENT,71,97,42,93,292,315,29,232,167,251,98,91,94,9,20:00:33,26,36,28,3,ST
932,2031,20:00:34,934,S,LAUNCH_WAIT,96,58,72,90,81,295,46,140,155,180,57,72,18,8,20:00:34,35,6,72,3,CXON
933,2031,20:00:35,935,F,ASCENT,69,57,97,15,350,129,78,116,70,103,36,67,17,7,20:00:35,66,87,19,3,ST
934,2031,20:00:36,936,S,LAUNCH_WAIT,68,66,35,35,282,204,87,1,269,70,52,47,54,8,20:00:36,63,44,50,2,CXON
935,2031,20:00:37,937,F,ASCENT,6,39,33,55,311,302,265,310,38,217,89,48,97,2,20:00:37,27,4,3,2,ST
936,2031,20:00:38,938,S,LAUNCH_WAIT,13,83,96,10,6,2,94,255,46,170,43,67,17,2,20:00:38,91,84,84,1,CXON
937,2031,20:00:39,939,F,ASCENT,95,17,86,13,42,176,313,295,34,233,5,80,88,1,20:00:39,63,30,19,1,ST
938,2031,20:00:40,940,S,LAUNCH_WAIT,80,43,25,21,13,283,80,108,336,169,38,34,89,8,20:00:40,8,48,95,3,CXON
939,2031,20:00:41,941,F,ASCENT,85,12,5,13,8,100,35,322,223,115,15,65,30,1,20:00:41,23,22,16,1,ST
940,2031,20:00:42,942,S,LAUNCH_WAIT,49,27,18,5,204,125,241,230,243,208,21,65,54,10,20:00:42,66,61,66,2,CXON
941,2031,20:00:43,943,F,ASCENT,7,19,12,83,70,87,349,93,125,254,97,91,39,2,20:00:43,16,31,26,3,ST
942,2031,20:00:44,944,S,LAUNCH_WAIT,30,99,16,40,109,266,225,161,328,60,68,84,15,8,20:00:44,88,44,18,2,CXON
943,2031,20:00:45,945,F,ASCENT,17,26,72,12,103,81,301,293,111,122,13,46,86,1,20:00:45,43,27,24,1,ST
944,2031,20:00:46,946,S,LAUNCH_WAIT,23,37,54,94,174,252,100,280,192,147,33,13,47,8,20:00:46,59,42,100,1,CXON
945,2031,20:00:47,947,F,ASCENT,16,18,94,37,315,341,327,64,65,92,96,13,74,2,20:00:47,47,83,67,2,ST
946,2031,20:00:48,948,S,LAUNCH_WAIT,44,32,43,99,45,109,244,129,151,77,98,41,46,9,20:00:48,98,71,48,2,CXON
947,2031,20:00:49,949,F,ASCENT,21,15,25,36,95,162,234,305,117,173,25,94,30,5,20:00:49,77,33,98,2,ST
948,2031,20:00:50,950,S,LAUNCH_WAIT,86,31,62,20,331,222,268,153,244,260,67,25,10,1,20:00:50,70,59,81,1,CXON
949,2031,20:00:51,951,F,ASCENT,5,97,55,3,75,104,183,57,30,253,84,13,87,7,20:00:51,59,52,52,3,ST
950,2031,20:00:52,952,S,LAUNCH_WAIT,3,35,3,61,92,76,160,144,155,53,51,36,80,8,20:00:52,43,2,41,2,CXON
951,2031,20:00:53,953,F,ASCENT,9,55,71,44,194,95,340,170,235,243,65,88,22,5,20:00:53,87,4,56,3,ST
952,2031,20:00:54,954,S,LAUNCH_WAIT,7,56,41,73,242,51,8,167,59,52,33,39,25,5,20:00:54,52,68,61,1,CXON
953,2031,20:00:55,955,F,ASCENT,1,11,95,75,163,114,192,209,77,198,53,41,47,8,20:00:55,82,27,90,1,ST
954,2031,20:00:56,956,S,LAUNCH_WAIT,88,66,45,11,148,351,331,45,345,216,47,95,53,10,20:00:56,8,93,27,3,CXON
955,2031,20:00:57,957,F,ASCENT,69,14,80,69,10,2,270,318,183,40,30,39,85,3,20:00:57,20,71,10,2,ST
956,2031,20:00:58,958,S,LAUNCH_WAIT,92,73,46,89,48,242,169,316,5,265,24,16,80,8,20:00:58,11,84,93,2,CXON
957,2031,20:01:00,959,F,ASCENT,15,68,30,30,186,98,300,244,348,338,18,44,44,7,20:01:00,44,71,17,1,ST
958,2031,20:01:01,960,S,LAUNCH_WAIT,75,99,79,24,301,326,90,253,261,42,41,27,41,4,20:01:01,8,35,13,2,CXON
959,2031,20:01:02,961,F,ASCENT,76,37,96,76,205,107,84,21,289,265,29,30,87,6,20:01:02,79,11,46,1,ST
960,2031,20:01:03,962,S,LAUNCH_WAIT,59,93,59,56,313,152,95,90,177,71,48,18,73,6,20:01:03,54,4,27,2,CXON
961,2031,20:01:04,963,F,ASCENT,100,33,100,13,317,14,320,179,70,219,18,34,75,8,20:01:04,20,30,6,1,ST
962,2031,20:01:05,964,S,LAUNCH_WAIT,2,55,80,52,58,255,97,6,84,150,52,77,77,10,20:01:05,52,39,12,1,CXON
963,2031,20:01:06,965,F,ASCENT,4,47,82,40,340,351,118,132,287,233,40,60,27,4,20:01:06,99,49,61,1,ST
964,2031,20:01:07,966,S,LAUNCH_WAIT,69,87,12,40,142,2,174,292,287,108,11,46,60,4,20:01:07,71,9,12,2,CXON
965,2031,20:01:08,967,F,ASCENT,84,100,53,75,115,230,139,300,309,184,47,25,22,9,20:01:08,74,87,40,3,ST
966,2031,20:01:09,968,S,LAUNCH_WAIT,64,21,48,40,98,143,23,26,345,56,36,15,79,1,20:01:09,23,80,66,1,CXON
967,2031,20:01:10,969,F,ASCENT,85,92,91,59,53,268,18,258,65,151,73,51,29,1,20:01:10,28,95,55,1,ST
968,2031,20:01:11,970,S,LAUNCH_WAIT,56,3,38,78,321,146,168,1,85,353,25,11,24,7,20:01:11,29,50,50,3,CXON
969,2031,20:01:12,971,F,ASCENT,33,29,66,30,114,280,160,146,78,336,60,62,79,7,20:01:12,62,14,61,1,ST
970,2031,20:01:13,972,S,LAUNCH_WAIT,26,38,8,15,290,276,172,251,248,185,7,95,45,5,20:01:13,87,81,82,3,CXON
971,2031,20:01:14,973,F,ASCENT,24,9,46,7,351,42,96,202,223,194,58,6,2,4,20:01:14,44,70,53,3,ST
972,2031,20:01:15,974,S,LAUNCH_WAIT,88,99,34,69,194,198,321,302,105,111,46,91,95,10,20:01:15,53,38,78,3,CXON
973,2031,20:01:16,975,F,ASCENT,82,92,35,62,232,262,80,266,162,285,37,61,88,5,20:01:16,5,2,13,2,ST
974,2031,20:01:17,976,S,LAUNCH_WAIT,71,90,89,20,292,75,95,343,105,153,54,93,81,3,20:01:17,36,39,92,3,CXON
975,2031,20:01:18,977,F,ASCENT,61,41,15,41,105,240,170,105,45,253,91,96,38,1,20:01:18,98,88,94,3,ST
976,2031,20:01:19,978,S,LAUNCH_WAIT,77,71,83,5,244,126,20,233,99,141,13,41,88,7,20:01:19,5,95,20,1,CXON
977,2031,20:01:20,979,F,ASCENT,38,82,39,38,154,290,303,126,336,88,74,46,45,5,20:01:20,31,6,24,2,ST
978,2031,20:01:21,980,S,LAUNCH_WAIT,88,54,13,42,52,53,103,265,357,29,29,19,11,2,20:01:21,1,61,92,2,CXON
979,2031,20:01:22,981,F,ASCENT,64,18,50,55,243,71,262,262,202,196,75,95,55,1,20:01:22,41,96,100,2,ST
